Sales,Quantity,Profit,Discount,Region,State,Row ID,Order ID,Order Date,Ship Date,Ship Mode,Customer ID,Customer Name,Segment,Country,City,Postal Code,Product ID,Category,Sub-Category,Product Name
503.96,4,131.0296,0,South,Louisiana,183,CA-2015-158274,11/19/2015 0:00,11/24/2015 0:00,Second Class,RM-19675,Robert Marley,Home Office,United States,Monroe,71203,TEC-PH-10003273,Technology,Phones,AT&T TR1909W
149.95,5,41.986,0,South,Louisiana,184,CA-2015-158274,11/19/2015 0:00,11/24/2015 0:00,Second Class,RM-19675,Robert Marley,Home Office,United States,Monroe,71203,TEC-PH-10004896,Technology,Phones,Nokia Lumia 521 (T-Mobile)
29,2,7.25,0,South,Louisiana,185,CA-2015-158274,11/19/2015 0:00,11/24/2015 0:00,Second Class,RM-19675,Robert Marley,Home Office,United States,Monroe,71203,TEC-AC-10002345,Technology,Accessories,HP Standard 104 key PS/2 Keyboard
18.648,7,-12.432,0.7,South,North Carolina,231,US-2015-156216,9/13/2015 0:00,9/17/2015 0:00,Standard Class,EA-14035,Erin Ashbrook,Corporate,United States,Charlotte,28205,OFF-BI-10001679,Office Supplies,Binders,GBC Instant Index System for Binding Systems
178.384,2,22.298,0.2,South,Florida,315,CA-2015-167850,8/9/2015 0:00,8/16/2015 0:00,Standard Class,AG-10525,Andy Gerbode,Corporate,United States,Saint Petersburg,33710,TEC-PH-10002398,Technology,Phones,AT&T 1070 Corded Phone
15.552,3,5.4432,0.2,South,Florida,316,CA-2015-167850,8/9/2015 0:00,8/16/2015 0:00,Standard Class,AG-10525,Andy Gerbode,Corporate,United States,Saint Petersburg,33710,OFF-PA-10001937,Office Supplies,Paper,Xerox 21
9.568,2,3.4684,0.2,South,Florida,403,CA-2015-113166,12/24/2015 0:00,12/26/2015 0:00,First Class,LF-17185,Luke Foster,Consumer,United States,Miami,33180,OFF-PA-10001947,Office Supplies,Paper,Xerox 1974
39.072,6,9.768,0.2,South,North Carolina,404,CA-2015-155208,4/16/2015 0:00,4/20/2015 0:00,Standard Class,SP-20650,Stephanie Phelps,Corporate,United States,Wilmington,28403,OFF-AR-10003478,Office Supplies,Art,"Avery Hi-Liter EverBold Pen Style Fluorescent Highlighters, 4/Pack"
4.812,2,-3.6892,0.7,South,Florida,435,US-2015-150574,12/19/2015 0:00,12/25/2015 0:00,Standard Class,MK-18160,Mike Kennedy,Consumer,United States,Jacksonville,32216,OFF-BI-10000773,Office Supplies,Binders,Insertable Tab Post Binder Dividers
247.8,5,-18.585,0.2,South,Florida,436,US-2015-150574,12/19/2015 0:00,12/25/2015 0:00,Standard Class,MK-18160,Mike Kennedy,Consumer,United States,Jacksonville,32216,TEC-AC-10002600,Technology,Accessories,Belkin QODE FastFit Bluetooth Keyboard
19.456,4,3.4048,0.2,South,North Carolina,556,CA-2015-155852,3/3/2015 0:00,3/7/2015 0:00,Second Class,AJ-10945,Ashley Jarboe,Consumer,United States,Wilmington,28403,OFF-AR-10003560,Office Supplies,Art,Zebra Zazzle Fluorescent Highlighters
13,5,1.3,0.2,South,Florida,562,CA-2015-145576,9/14/2015 0:00,9/18/2015 0:00,Second Class,CA-12775,Cynthia Arntzen,Consumer,United States,Tampa,33614,OFF-AP-10003914,Office Supplies,Appliances,"Sanitaire Vibra Groomer IR Commercial Upright Vacuum, Replacement Belts"
13.128,3,3.7743,0.2,South,Florida,563,CA-2015-145576,9/14/2015 0:00,9/18/2015 0:00,Second Class,CA-12775,Cynthia Arntzen,Consumer,United States,Tampa,33614,FUR-FU-10004020,Furniture,Furnishings,Advantus Panel Wall Acrylic Frame
142.776,1,17.847,0.2,South,Florida,603,CA-2015-149958,3/15/2015 0:00,3/19/2015 0:00,Standard Class,AS-10240,Alan Shonely,Consumer,United States,Tampa,33614,OFF-ST-10001490,Office Supplies,Storage,"Hot File 7-Pocket, Floor Stand"
45.696,3,5.1408,0.2,South,Florida,604,CA-2015-149958,3/15/2015 0:00,3/19/2015 0:00,Standard Class,AS-10240,Alan Shonely,Consumer,United States,Tampa,33614,FUR-FU-10001756,Furniture,Furnishings,"Eldon Expressions Desk Accessory, Wood Photo Frame, Mahogany"
7.218,3,-5.5338,0.7,South,Florida,605,CA-2015-149958,3/15/2015 0:00,3/19/2015 0:00,Standard Class,AS-10240,Alan Shonely,Consumer,United States,Tampa,33614,OFF-BI-10000773,Office Supplies,Binders,Insertable Tab Post Binder Dividers
43.188,4,-31.6712,0.7,South,Florida,606,CA-2015-149958,3/15/2015 0:00,3/19/2015 0:00,Standard Class,AS-10240,Alan Shonely,Consumer,United States,Tampa,33614,OFF-BI-10001543,Office Supplies,Binders,GBC VeloBinder Manual Binding System
131.904,3,47.8152,0.2,South,Florida,607,CA-2015-149958,3/15/2015 0:00,3/19/2015 0:00,Standard Class,AS-10240,Alan Shonely,Consumer,United States,Tampa,33614,OFF-PA-10002120,Office Supplies,Paper,Xerox 1889
479.97,3,163.1898,0,South,Mississippi,686,CA-2015-157784,7/5/2015 0:00,7/8/2015 0:00,First Class,MC-17845,Michael Chen,Consumer,United States,Jackson,39212,TEC-AC-10003911,Technology,Accessories,NETGEAR AC1750 Dual Band Gigabit Smart WiFi Router
14.62,2,6.8714,0,South,Mississippi,687,CA-2015-157784,7/5/2015 0:00,7/8/2015 0:00,First Class,MC-17845,Michael Chen,Consumer,United States,Jackson,39212,OFF-LA-10001934,Office Supplies,Labels,Avery 516
19.44,3,9.3312,0,South,Mississippi,688,CA-2015-157784,7/5/2015 0:00,7/8/2015 0:00,First Class,MC-17845,Michael Chen,Consumer,United States,Jackson,39212,OFF-PA-10000304,Office Supplies,Paper,Xerox 1995
104.01,1,14.5614,0,South,Virginia,690,US-2015-117135,6/21/2015 0:00,6/23/2015 0:00,Second Class,NP-18325,Naresj Patel,Consumer,United States,Waynesboro,22980,FUR-FU-10004071,Furniture,Furnishings,Luxo Professional Magnifying Clamp-On Fluorescent Lamps
284.82,1,74.0532,0,South,Virginia,691,US-2015-117135,6/21/2015 0:00,6/23/2015 0:00,Second Class,NP-18325,Naresj Patel,Consumer,United States,Waynesboro,22980,TEC-PH-10002033,Technology,Phones,Konftel 250 Conference phone - Charcoal black
36.84,3,10.3152,0,South,Virginia,692,US-2015-117135,6/21/2015 0:00,6/23/2015 0:00,Second Class,NP-18325,Naresj Patel,Consumer,United States,Waynesboro,22980,OFF-ST-10002444,Office Supplies,Storage,Recycled Eldon Regeneration Jumbo File
10.368,2,3.6288,0.2,South,North Carolina,705,CA-2015-138527,9/12/2015 0:00,9/17/2015 0:00,Standard Class,BN-11470,Brad Norvell,Corporate,United States,Cary,27511,OFF-PA-10001800,Office Supplies,Paper,Xerox 220
166.84,5,18.7695,0.2,South,North Carolina,706,CA-2015-138527,9/12/2015 0:00,9/17/2015 0:00,Standard Class,BN-11470,Brad Norvell,Corporate,United States,Cary,27511,OFF-AP-10001469,Office Supplies,Appliances,Fellowes 8 Outlet Superior Workstation Surge Protector
15.216,1,2.2824,0.2,South,North Carolina,707,CA-2015-138527,9/12/2015 0:00,9/17/2015 0:00,Standard Class,BN-11470,Brad Norvell,Corporate,United States,Cary,27511,TEC-AC-10002399,Technology,Accessories,SanDisk Cruzer 32 GB USB Flash Drive
11.36,2,5.3392,0,South,Louisiana,764,CA-2015-162775,1/13/2015 0:00,1/15/2015 0:00,Second Class,CS-12250,Chris Selesnick,Corporate,United States,Bossier City,71111,OFF-EN-10001990,Office Supplies,Envelopes,Staple envelope
50.94,3,25.47,0,South,Louisiana,765,CA-2015-162775,1/13/2015 0:00,1/15/2015 0:00,Second Class,CS-12250,Chris Selesnick,Corporate,United States,Bossier City,71111,OFF-EN-10001532,Office Supplies,Envelopes,Brown Kraft Recycled Envelopes
646.74,6,258.696,0,South,Louisiana,766,CA-2015-162775,1/13/2015 0:00,1/15/2015 0:00,Second Class,CS-12250,Chris Selesnick,Corporate,United States,Bossier City,71111,TEC-AC-10003174,Technology,Accessories,Plantronics S12 Corded Telephone Headset System
5.64,3,2.7072,0,South,Louisiana,767,CA-2015-162775,1/13/2015 0:00,1/15/2015 0:00,Second Class,CS-12250,Chris Selesnick,Corporate,United States,Bossier City,71111,OFF-BI-10004187,Office Supplies,Binders,3-ring staple pack
572.58,6,34.3548,0,South,Louisiana,768,CA-2015-162775,1/13/2015 0:00,1/15/2015 0:00,Second Class,CS-12250,Chris Selesnick,Corporate,United States,Bossier City,71111,OFF-ST-10000025,Office Supplies,Storage,Fellowes Stor/Drawer Steel Plus Storage Drawers
310.88,2,23.316,0.2,South,Florida,769,CA-2015-106810,5/14/2015 0:00,5/20/2015 0:00,Standard Class,AJ-10795,Anthony Johnson,Corporate,United States,Saint Petersburg,33710,FUR-FU-10004306,Furniture,Furnishings,Electrix Halogen Magnifier Lamp
2.89,1,1.3583,0,South,Virginia,866,CA-2015-149020,1/10/2015 0:00,1/15/2015 0:00,Standard Class,AJ-10780,Anthony Jacobs,Corporate,United States,Springfield,22153,OFF-LA-10004272,Office Supplies,Labels,Avery 482
51.94,1,21.2954,0,South,Virginia,867,CA-2015-149020,1/10/2015 0:00,1/15/2015 0:00,Standard Class,AJ-10780,Anthony Jacobs,Corporate,United States,Springfield,22153,FUR-FU-10000965,Furniture,Furnishings,"Howard Miller 11-1/2"" Diameter Ridgewood Wall Clock"
24.56,2,6.8768,0,South,Virginia,921,CA-2015-138296,12/5/2015 0:00,12/12/2015 0:00,Standard Class,RC-19825,Roy Collins,Consumer,United States,Alexandria,22304,OFF-ST-10002444,Office Supplies,Storage,Recycled Eldon Regeneration Jumbo File
4.608,2,1.6704,0.2,South,Florida,964,CA-2015-127488,9/22/2015 0:00,9/24/2015 0:00,Second Class,MS-17365,Maribeth Schnelling,Consumer,United States,Boca Raton,33433,OFF-LA-10001613,Office Supplies,Labels,Avery File Folder Labels
2715.93,7,1276.4871,0,South,Virginia,995,CA-2015-117639,5/21/2015 0:00,5/25/2015 0:00,Standard Class,MW-18235,Mitch Willingham,Corporate,United States,Virginia Beach,23464,OFF-BI-10003925,Office Supplies,Binders,Fellowes PB300 Plastic Comb Binding Machine
617.97,3,173.0316,0,South,Virginia,996,CA-2015-117639,5/21/2015 0:00,5/25/2015 0:00,Standard Class,MW-18235,Mitch Willingham,Corporate,United States,Virginia Beach,23464,TEC-PH-10001530,Technology,Phones,Plantronics Voyager Pro Legend
699.93,7,181.9818,0,South,Arkansas,1122,US-2015-147627,1/20/2015 0:00,1/26/2015 0:00,Standard Class,HL-15040,Hunter Lopez,Consumer,United States,Jonesboro,72401,TEC-PH-10001061,Technology,Phones,Apple iPhone 5C
22.96,7,6.6584,0,South,Arkansas,1123,US-2015-147627,1/20/2015 0:00,1/26/2015 0:00,Standard Class,HL-15040,Hunter Lopez,Consumer,United States,Jonesboro,72401,OFF-AR-10002375,Office Supplies,Art,Newell 351
38.6,4,11.58,0,South,Arkansas,1124,US-2015-147627,1/20/2015 0:00,1/26/2015 0:00,Standard Class,HL-15040,Hunter Lopez,Consumer,United States,Jonesboro,72401,FUR-FU-10003194,Furniture,Furnishings,"Eldon Expressions Desk Accessory, Wood Pencil Holder, Oak"
6.63,3,1.7901,0,South,Arkansas,1125,US-2015-147627,1/20/2015 0:00,1/26/2015 0:00,Standard Class,HL-15040,Hunter Lopez,Consumer,United States,Jonesboro,72401,OFF-AR-10003811,Office Supplies,Art,Newell 327
23.34,3,10.9698,0,South,Arkansas,1126,US-2015-147627,1/20/2015 0:00,1/26/2015 0:00,Standard Class,HL-15040,Hunter Lopez,Consumer,United States,Jonesboro,72401,OFF-EN-10001539,Office Supplies,Envelopes,Staple envelope
1067.94,3,224.2674,0,South,Arkansas,1127,US-2015-147627,1/20/2015 0:00,1/26/2015 0:00,Standard Class,HL-15040,Hunter Lopez,Consumer,United States,Jonesboro,72401,FUR-CH-10002331,Furniture,Chairs,Hon 4700 Series Mobuis Mid-Back Task Chairs with Adjustable Arms
122.48,2,0,0,South,Virginia,1155,CA-2015-136567,12/20/2015 0:00,12/21/2015 0:00,First Class,PS-19045,Penelope Sewall,Home Office,United States,Harrisonburg,22801,OFF-ST-10004337,Office Supplies,Storage,"SAFCO Commercial Wire Shelving, 72h"
2244.48,7,493.7856,0,South,Virginia,1156,CA-2015-136567,12/20/2015 0:00,12/21/2015 0:00,First Class,PS-19045,Penelope Sewall,Home Office,United States,Harrisonburg,22801,FUR-TA-10001932,Furniture,Tables,"Chromcraft 48"" x 96"" Racetrack Double Pedestal Table"
62.31,3,29.2857,0,South,Virginia,1157,CA-2015-136567,12/20/2015 0:00,12/21/2015 0:00,First Class,PS-19045,Penelope Sewall,Home Office,United States,Harrisonburg,22801,OFF-BI-10003982,Office Supplies,Binders,Wilson Jones Century Plastic Molded Ring Binders
455.1,2,100.122,0,South,Virginia,1158,CA-2015-136567,12/20/2015 0:00,12/21/2015 0:00,First Class,PS-19045,Penelope Sewall,Home Office,United States,Harrisonburg,22801,FUR-TA-10000617,Furniture,Tables,"Hon Practical Foundations 30 x 60 Training Table, Light Gray/Charcoal"
32.97,3,12.8583,0,South,Georgia,1279,CA-2015-163293,9/8/2015 0:00,9/11/2015 0:00,First Class,KC-16255,Karen Carlisle,Corporate,United States,Macon,31204,TEC-AC-10004209,Technology,Accessories,Memorex Froggy Flash Drive 4 GB
83.88,4,30.1968,0,South,Georgia,1280,CA-2015-163293,9/8/2015 0:00,9/11/2015 0:00,First Class,KC-16255,Karen Carlisle,Corporate,United States,Macon,31204,TEC-AC-10000023,Technology,Accessories,"Maxell 74 Minute CD-R Spindle, 50/Pack"
575.92,2,71.99,0.2,South,Florida,1319,CA-2015-160773,7/1/2015 0:00,7/5/2015 0:00,Standard Class,LW-16825,Laurel Workman,Corporate,United States,Deltona,32725,TEC-PH-10004586,Technology,Phones,Wilson SignalBoost 841262 DB PRO Amplifier Kit
5.184,6,-3.6288,0.7,South,Florida,1320,CA-2015-160773,7/1/2015 0:00,7/5/2015 0:00,Standard Class,LW-16825,Laurel Workman,Corporate,United States,Deltona,32725,OFF-BI-10000546,Office Supplies,Binders,Avery Durable Binders
152.76,6,74.8524,0,South,Alabama,1432,CA-2015-120768,12/19/2015 0:00,12/21/2015 0:00,Second Class,IM-15070,Irene Maddox,Consumer,United States,Florence,35630,OFF-BI-10001191,Office Supplies,Binders,Canvas Sectional Post Binders
7.27,1,1.9629,0,South,Alabama,1433,CA-2015-120768,12/19/2015 0:00,12/21/2015 0:00,Second Class,IM-15070,Irene Maddox,Consumer,United States,Florence,35630,OFF-SU-10004115,Office Supplies,Supplies,Acme Stainless Steel Office Snips
1819.86,14,163.7874,0,South,Alabama,1434,CA-2015-120768,12/19/2015 0:00,12/21/2015 0:00,Second Class,IM-15070,Irene Maddox,Consumer,United States,Florence,35630,FUR-CH-10000513,Furniture,Chairs,High-Back Leather Manager's Chair
40.05,3,11.214,0,South,Georgia,1495,CA-2015-123925,12/17/2015 0:00,12/19/2015 0:00,Second Class,RF-19840,Roy Französisch,Consumer,United States,Columbus,31907,OFF-AR-10002952,Office Supplies,Art,Stanley Contemporary Battery Pencil Sharpeners
354.9,5,17.745,0,South,South Carolina,1565,CA-2015-116239,3/4/2015 0:00,3/4/2015 0:00,Same Day,CL-12565,Clay Ludtke,Consumer,United States,Columbia,29203,OFF-ST-10001370,Office Supplies,Storage,Sensible Storage WireTech Storage Systems
96.256,8,31.2832,0.2,South,North Carolina,1731,CA-2015-125136,9/28/2015 0:00,10/3/2015 0:00,Standard Class,KD-16495,Keith Dawkins,Corporate,United States,Fayetteville,28314,OFF-PA-10001457,Office Supplies,Paper,White GlueTop Scratch Pads
10.688,2,3.7408,0.2,South,North Carolina,1732,CA-2015-125136,9/28/2015 0:00,10/3/2015 0:00,Standard Class,KD-16495,Keith Dawkins,Corporate,United States,Fayetteville,28314,OFF-PA-10001804,Office Supplies,Paper,Xerox 195
7.644,4,-5.8604,0.7,South,North Carolina,1768,US-2015-158057,3/22/2015 0:00,3/26/2015 0:00,Standard Class,CC-12685,Craig Carroll,Consumer,United States,Greensboro,27405,OFF-BI-10004410,Office Supplies,Binders,"C-Line Peel & Stick Add-On Filing Pockets, 8-3/4 x 5-1/8, 10/Pack"
51.465,5,-39.4565,0.7,South,North Carolina,1769,US-2015-158057,3/22/2015 0:00,3/26/2015 0:00,Standard Class,CC-12685,Craig Carroll,Consumer,United States,Greensboro,27405,OFF-BI-10002735,Office Supplies,Binders,GBC Prestige Therm-A-Bind Covers
1441.3,7,245.021,0,South,Virginia,1812,CA-2015-132612,6/9/2015 0:00,6/11/2015 0:00,Second Class,FO-14305,Frank Olsen,Consumer,United States,Harrisonburg,22801,FUR-TA-10004534,Furniture,Tables,Bevis 44 x 96 Conference Tables
17.544,3,5.9211,0.2,South,North Carolina,1838,CA-2015-117345,8/1/2015 0:00,8/5/2015 0:00,Standard Class,BF-10975,Barbara Fisher,Corporate,United States,Charlotte,28205,OFF-LA-10000240,Office Supplies,Labels,Self-Adhesive Address Labels for Typewriters by Universal
44.128,4,12.1352,0.2,South,North Carolina,1839,CA-2015-117345,8/1/2015 0:00,8/5/2015 0:00,Standard Class,BF-10975,Barbara Fisher,Corporate,United States,Charlotte,28205,FUR-FU-10000629,Furniture,Furnishings,9-3/4 Diameter Round Wall Clock
62.92,1,10.2245,0.2,South,North Carolina,1840,CA-2015-117345,8/1/2015 0:00,8/5/2015 0:00,Standard Class,BF-10975,Barbara Fisher,Corporate,United States,Charlotte,28205,OFF-AP-10001005,Office Supplies,Appliances,Honeywell Quietcare HEPA Air Cleaner
78.304,2,29.364,0.2,South,North Carolina,1841,CA-2015-117345,8/1/2015 0:00,8/5/2015 0:00,Standard Class,BF-10975,Barbara Fisher,Corporate,United States,Charlotte,28205,OFF-PA-10002377,Office Supplies,Paper,Xerox 1916
7.104,2,2.3976,0.2,South,Florida,1887,CA-2015-140165,5/13/2015 0:00,5/15/2015 0:00,First Class,EH-14005,Erica Hernandez,Home Office,United States,Hialeah,33012,OFF-FA-10002815,Office Supplies,Fasteners,Staples
398.352,8,-331.96,0.7,South,Florida,1888,CA-2015-140165,5/13/2015 0:00,5/15/2015 0:00,First Class,EH-14005,Erica Hernandez,Home Office,United States,Hialeah,33012,OFF-BI-10004519,Office Supplies,Binders,GBC DocuBind P100 Manual Binding Machine
29.808,2,10.8054,0.2,South,Florida,1898,CA-2015-169775,8/29/2015 0:00,9/2/2015 0:00,Second Class,RA-19945,Ryan Akin,Consumer,United States,Miami,33178,OFF-EN-10001749,Office Supplies,Envelopes,Jiffy Padded Mailers with Self-Seal Closure
505.176,4,-336.784,0.7,South,Florida,1899,CA-2015-169775,8/29/2015 0:00,9/2/2015 0:00,Second Class,RA-19945,Ryan Akin,Consumer,United States,Miami,33178,OFF-BI-10004390,Office Supplies,Binders,GBC DocuBind 200 Manual Binding Machine
174.0585,3,-110.7645,0.45,South,Florida,1900,CA-2015-169775,8/29/2015 0:00,9/2/2015 0:00,Second Class,RA-19945,Ryan Akin,Consumer,United States,Miami,33178,FUR-TA-10001857,Furniture,Tables,Balt Solid Wood Rectangular Table
149.95,5,65.978,0,South,Georgia,1914,CA-2015-103366,1/15/2015 0:00,1/17/2015 0:00,First Class,EH-13990,Erica Hackney,Consumer,United States,Roswell,30076,TEC-AC-10003628,Technology,Accessories,Logitech 910-002974 M325 Wireless Mouse for Web Scrolling
275.97,3,11.0388,0,South,Alabama,1976,CA-2015-110408,10/18/2015 0:00,10/20/2015 0:00,Second Class,AS-10225,Alan Schoenberger,Corporate,United States,Montgomery,36116,OFF-ST-10001522,Office Supplies,Storage,"Gould Plastics 18-Pocket Panel Bin, 34w x 5-1/4d x 20-1/2h"
1394.95,5,362.687,0,South,Alabama,1977,CA-2015-110408,10/18/2015 0:00,10/20/2015 0:00,Second Class,AS-10225,Alan Schoenberger,Corporate,United States,Montgomery,36116,TEC-PH-10002352,Technology,Phones,Avaya IP Phone 1140E VoIP phone
545.88,6,70.9644,0,South,Alabama,1978,CA-2015-110408,10/18/2015 0:00,10/20/2015 0:00,Second Class,AS-10225,Alan Schoenberger,Corporate,United States,Montgomery,36116,FUR-CH-10003774,Furniture,Chairs,"Global Wood Trimmed Manager's Task Chair, Khaki"
15,4,7.2,0,South,Virginia,1998,CA-2015-131905,2/6/2015 0:00,2/9/2015 0:00,First Class,ND-18460,Neil Ducich,Corporate,United States,Chesapeake,23320,OFF-LA-10002787,Office Supplies,Labels,Avery 480
161.61,1,42.0186,0,South,Virginia,1999,CA-2015-131905,2/6/2015 0:00,2/9/2015 0:00,First Class,ND-18460,Neil Ducich,Corporate,United States,Chesapeake,23320,TEC-PH-10003645,Technology,Phones,Aastra 57i VoIP phone
144.95,5,42.0355,0,South,Virginia,2000,CA-2015-131905,2/6/2015 0:00,2/9/2015 0:00,First Class,ND-18460,Neil Ducich,Corporate,United States,Chesapeake,23320,TEC-PH-10001615,Technology,Phones,AT&T CL82213
4.224,3,0.4752,0.2,South,Tennessee,2009,CA-2015-116407,11/15/2015 0:00,11/21/2015 0:00,Standard Class,JF-15190,Jamie Frazer,Consumer,United States,Johnson City,37604,OFF-AR-10001315,Office Supplies,Art,Newell 310
333.056,2,29.1424,0.2,South,Tennessee,2010,CA-2015-116407,11/15/2015 0:00,11/21/2015 0:00,Standard Class,JF-15190,Jamie Frazer,Consumer,United States,Johnson City,37604,OFF-AP-10002118,Office Supplies,Appliances,"1.7 Cubic Foot Compact ""Cube"" Office Refrigerators"
24.896,4,7.78,0.2,South,Tennessee,2011,CA-2015-116407,11/15/2015 0:00,11/21/2015 0:00,Standard Class,JF-15190,Jamie Frazer,Consumer,United States,Johnson City,37604,OFF-PA-10002137,Office Supplies,Paper,"Southworth 100% Résumé Paper, 24lb."
15.552,3,5.4432,0.2,South,Florida,2106,US-2015-167633,9/30/2015 0:00,10/5/2015 0:00,Standard Class,BW-11200,Ben Wallace,Consumer,United States,Boynton Beach,33437,OFF-PA-10004888,Office Supplies,Paper,Xerox 217
14.67,3,3.9609,0,South,Alabama,2198,CA-2015-163013,11/28/2015 0:00,12/4/2015 0:00,Standard Class,BF-11080,Bart Folk,Consumer,United States,Montgomery,36116,OFF-AR-10001954,Office Supplies,Art,Newell 331
22.2,6,9.102,0,South,Arkansas,2201,US-2015-165659,6/1/2015 0:00,6/6/2015 0:00,Standard Class,LT-17110,Liz Thompson,Consumer,United States,Little Rock,72209,FUR-FU-10001935,Furniture,Furnishings,3M Hangers With Command Adhesive
881.93,7,229.3018,0,South,Arkansas,2202,US-2015-165659,6/1/2015 0:00,6/6/2015 0:00,Standard Class,LT-17110,Liz Thompson,Consumer,United States,Little Rock,72209,TEC-PH-10002563,Technology,Phones,Adtran 1202752G1
2.816,2,0.9856,0.2,South,Florida,2218,CA-2015-151953,9/20/2015 0:00,9/25/2015 0:00,Standard Class,DB-13555,Dorothy Badders,Corporate,United States,Jacksonville,32216,OFF-AR-10003469,Office Supplies,Art,Nontoxic Chalk
306.2,5,0,0,South,Mississippi,2277,CA-2015-104283,6/27/2015 0:00,7/1/2015 0:00,Standard Class,LM-17065,Liz MacKendrick,Consumer,United States,Southaven,38671,OFF-ST-10004337,Office Supplies,Storage,"SAFCO Commercial Wire Shelving, 72h"
85.98,1,22.3548,0,South,Mississippi,2278,CA-2015-104283,6/27/2015 0:00,7/1/2015 0:00,Standard Class,LM-17065,Liz MacKendrick,Consumer,United States,Southaven,38671,FUR-TA-10001039,Furniture,Tables,KI Adjustable-Height Table
223.96,4,53.7504,0,South,Mississippi,2279,CA-2015-104283,6/27/2015 0:00,7/1/2015 0:00,Standard Class,LM-17065,Liz MacKendrick,Consumer,United States,Southaven,38671,TEC-AC-10000109,Technology,Accessories,Sony Micro Vault Click 16 GB USB 2.0 Flash Drive
69.216,6,11.2476,0.2,South,Tennessee,2335,CA-2015-140886,9/30/2015 0:00,10/4/2015 0:00,Standard Class,KW-16570,Kelly Williams,Consumer,United States,Clarksville,37042,OFF-AP-10000696,Office Supplies,Appliances,Holmes Odor Grabber
10.368,2,3.6288,0.2,South,Florida,2530,CA-2015-108707,10/24/2015 0:00,10/29/2015 0:00,Standard Class,DB-12910,Daniel Byrd,Home Office,United States,Fort Lauderdale,33311,OFF-PA-10000788,Office Supplies,Paper,Xerox 210
114.2,5,52.532,0,South,Arkansas,2531,CA-2015-111500,8/17/2015 0:00,8/21/2015 0:00,Standard Class,DJ-13510,Don Jones,Corporate,United States,Little Rock,72209,OFF-PA-10000595,Office Supplies,Paper,Xerox 1929
17.96,4,8.2616,0,South,Arkansas,2532,CA-2015-111500,8/17/2015 0:00,8/21/2015 0:00,Standard Class,DJ-13510,Don Jones,Corporate,United States,Little Rock,72209,OFF-BI-10000829,Office Supplies,Binders,Avery Non-Stick Binders
12.67,7,4.5612,0,South,Arkansas,2533,CA-2015-111500,8/17/2015 0:00,8/21/2015 0:00,Standard Class,DJ-13510,Don Jones,Corporate,United States,Little Rock,72209,OFF-FA-10002676,Office Supplies,Fasteners,Colored Push Pins
339.96,4,122.3856,0,South,Arkansas,2534,CA-2015-111500,8/17/2015 0:00,8/21/2015 0:00,Standard Class,DJ-13510,Don Jones,Corporate,United States,Little Rock,72209,TEC-AC-10000844,Technology,Accessories,Logitech Gaming G510s - Keyboard
16.23,3,7.9527,0,South,Georgia,2575,CA-2015-129091,11/22/2015 0:00,11/27/2015 0:00,Standard Class,RA-19885,Ruben Ausman,Corporate,United States,Columbus,31907,OFF-EN-10004955,Office Supplies,Envelopes,Fashion Color Clasp Envelopes
319.9,5,156.751,0,South,Georgia,2576,CA-2015-129091,11/22/2015 0:00,11/27/2015 0:00,Standard Class,RA-19885,Ruben Ausman,Corporate,United States,Columbus,31907,OFF-BI-10001071,Office Supplies,Binders,GBC ProClick Punch Binding System
11.36,2,5.3392,0,South,Georgia,2577,CA-2015-129091,11/22/2015 0:00,11/27/2015 0:00,Standard Class,RA-19885,Ruben Ausman,Corporate,United States,Columbus,31907,OFF-EN-10001990,Office Supplies,Envelopes,Staple envelope
675.12,3,290.3016,0,South,Georgia,2578,CA-2015-129091,11/22/2015 0:00,11/27/2015 0:00,Standard Class,RA-19885,Ruben Ausman,Corporate,United States,Columbus,31907,OFF-AP-10002734,Office Supplies,Appliances,Holmes Harmony HEPA Air Purifier for 17 x 20 Room
62.82,3,30.7818,0,South,Virginia,2579,US-2015-155502,1/26/2015 0:00,1/31/2015 0:00,Standard Class,SD-20485,Shirley Daniels,Home Office,United States,Alexandria,22304,FUR-FU-10004587,Furniture,Furnishings,"GE General Use Halogen Bulbs, 100 Watts, 1 Bulb per Pack"
489.92,8,0,0,South,Virginia,2580,US-2015-155502,1/26/2015 0:00,1/31/2015 0:00,Standard Class,SD-20485,Shirley Daniels,Home Office,United States,Alexandria,22304,OFF-ST-10004337,Office Supplies,Storage,"SAFCO Commercial Wire Shelving, 72h"
19.44,3,9.3312,0,South,Virginia,2581,US-2015-155502,1/26/2015 0:00,1/31/2015 0:00,Standard Class,SD-20485,Shirley Daniels,Home Office,United States,Alexandria,22304,OFF-PA-10003072,Office Supplies,Paper,"Eureka Recycled Copy Paper 8 1/2"" x 11"", Ream"
16.68,2,8.34,0,South,Virginia,2582,US-2015-155502,1/26/2015 0:00,1/31/2015 0:00,Standard Class,SD-20485,Shirley Daniels,Home Office,United States,Alexandria,22304,OFF-PA-10000380,Office Supplies,Paper,"REDIFORM Incoming/Outgoing Call Register, 11"" X 8 1/2"", 100 Messages"
155.35,13,0,0,South,Virginia,2583,US-2015-155502,1/26/2015 0:00,1/31/2015 0:00,Standard Class,SD-20485,Shirley Daniels,Home Office,United States,Alexandria,22304,TEC-PH-10004833,Technology,Phones,Macally Suction Cup Mount
12.42,3,4.4712,0,South,Virginia,2584,US-2015-155502,1/26/2015 0:00,1/31/2015 0:00,Standard Class,SD-20485,Shirley Daniels,Home Office,United States,Alexandria,22304,FUR-FU-10001847,Furniture,Furnishings,Eldon Image Series Black Desk Accessories
187.98,2,52.6344,0,South,Virginia,2585,US-2015-155502,1/26/2015 0:00,1/31/2015 0:00,Standard Class,SD-20485,Shirley Daniels,Home Office,United States,Alexandria,22304,TEC-PH-10002103,Technology,Phones,Jabra SPEAK 410
1.167,1,-0.8558,0.7,South,Florida,2606,CA-2015-112718,12/16/2015 0:00,12/21/2015 0:00,Standard Class,KN-16450,Kean Nguyen,Corporate,United States,Jacksonville,32216,OFF-BI-10000591,Office Supplies,Binders,Avery Binder Labels
15.384,1,4.0383,0.2,South,Florida,2695,CA-2015-143182,10/15/2015 0:00,10/20/2015 0:00,Standard Class,DL-12865,Dan Lawera,Consumer,United States,Hialeah,33012,FUR-FU-10004270,Furniture,Furnishings,"Executive Impressions 13"" Clairmont Wall Clock"
821.3,4,-16.426,0.5,South,Florida,2697,CA-2015-145317,3/18/2015 0:00,3/23/2015 0:00,Standard Class,SM-20320,Sean Miller,Home Office,United States,Jacksonville,32216,TEC-MA-10003626,Technology,Machines,Hewlett-Packard Deskjet 6540 Color Inkjet Printer
22638.48,6,-1811.0784,0.5,South,Florida,2698,CA-2015-145317,3/18/2015 0:00,3/23/2015 0:00,Standard Class,SM-20320,Sean Miller,Home Office,United States,Jacksonville,32216,TEC-MA-10002412,Technology,Machines,Cisco TelePresence System EX90 Videoconferencing Unit
21.376,4,7.4816,0.2,South,Florida,2699,CA-2015-145317,3/18/2015 0:00,3/23/2015 0:00,Standard Class,SM-20320,Sean Miller,Home Office,United States,Jacksonville,32216,OFF-PA-10001804,Office Supplies,Paper,Xerox 195
8.016,3,1.002,0.2,South,Florida,2700,CA-2015-145317,3/18/2015 0:00,3/23/2015 0:00,Standard Class,SM-20320,Sean Miller,Home Office,United States,Jacksonville,32216,OFF-AR-10003183,Office Supplies,Art,Avery Fluorescent Highlighter Four-Color Set
30.768,2,8.0766,0.2,South,Florida,2701,CA-2015-145317,3/18/2015 0:00,3/23/2015 0:00,Standard Class,SM-20320,Sean Miller,Home Office,United States,Jacksonville,32216,FUR-FU-10004270,Furniture,Furnishings,"Executive Impressions 13"" Clairmont Wall Clock"
18.936,3,5.9175,0.2,South,Florida,2702,CA-2015-145317,3/18/2015 0:00,3/23/2015 0:00,Standard Class,SM-20320,Sean Miller,Home Office,United States,Jacksonville,32216,OFF-FA-10003112,Office Supplies,Fasteners,Staples
122.352,3,15.294,0.2,South,Florida,2703,CA-2015-145317,3/18/2015 0:00,3/23/2015 0:00,Standard Class,SM-20320,Sean Miller,Home Office,United States,Jacksonville,32216,FUR-FU-10001986,Furniture,Furnishings,"Dana Fluorescent Magnifying Lamp, White, 36"""
302.376,3,37.797,0.2,South,North Carolina,2714,CA-2015-110100,4/25/2015 0:00,4/29/2015 0:00,Standard Class,LC-16885,Lena Creighton,Consumer,United States,Wilmington,28403,TEC-PH-10004531,Technology,Phones,AT&T CL2909
8.376,3,2.7222,0.2,South,North Carolina,2721,CA-2015-121286,11/4/2015 0:00,11/8/2015 0:00,Second Class,ON-18715,Odella Nelson,Corporate,United States,Cary,27511,OFF-FA-10000585,Office Supplies,Fasteners,OIC Bulk Pack Metal Binder Clips
58.24,5,5.096,0.2,South,North Carolina,2722,CA-2015-121286,11/4/2015 0:00,11/8/2015 0:00,Second Class,ON-18715,Odella Nelson,Corporate,United States,Cary,27511,OFF-AP-10004859,Office Supplies,Appliances,Acco 6 Outlet Guardian Premium Surge Suppressor
1139.92,4,284.98,0,South,Virginia,2841,US-2015-125521,3/14/2015 0:00,3/19/2015 0:00,Standard Class,CK-12325,Christine Kargatis,Home Office,United States,Chesapeake,23320,FUR-CH-10003379,Furniture,Chairs,Global Commerce Series High-Back Swivel/Tilt Chairs
51.96,2,12.99,0,South,Louisiana,2891,CA-2015-142727,4/29/2015 0:00,5/1/2015 0:00,Second Class,HG-14845,Harry Greene,Consumer,United States,Lake Charles,70601,FUR-CH-10002304,Furniture,Chairs,"Global Stack Chair without Arms, Black"
17.94,3,8.6112,0,South,Louisiana,2892,CA-2015-142727,4/29/2015 0:00,5/1/2015 0:00,Second Class,HG-14845,Harry Greene,Consumer,United States,Lake Charles,70601,OFF-BI-10000136,Office Supplies,Binders,Avery Non-Stick Heavy Duty View Round Locking Ring Binders
545.94,6,87.3504,0,South,South Carolina,2979,CA-2015-109232,1/13/2015 0:00,1/16/2015 0:00,Second Class,ND-18370,Natalie DeCherney,Consumer,United States,Mount Pleasant,29464,FUR-CH-10000422,Furniture,Chairs,Global Highback Leather Tilter in Burgundy
95.968,4,9.5968,0.2,South,North Carolina,3199,CA-2015-131527,12/1/2015 0:00,12/7/2015 0:00,Standard Class,TB-21280,Toby Braunhardt,Consumer,United States,Jacksonville,28540,TEC-PH-10001644,Technology,Phones,"BlueLounge Milo Smartphone Stand, White/Metallic"
135.98,2,33.995,0,South,Alabama,3268,CA-2015-143840,5/22/2015 0:00,5/29/2015 0:00,Standard Class,EH-14185,Evan Henry,Consumer,United States,Decatur,35601,TEC-PH-10002660,Technology,Phones,Nortel Networks T7316 E Nt8 B27
44.95,1,12.586,0,South,Alabama,3269,CA-2015-143840,5/22/2015 0:00,5/29/2015 0:00,Standard Class,EH-14185,Evan Henry,Consumer,United States,Decatur,35601,TEC-PH-10003171,Technology,Phones,Plantronics Encore H101 Dual Earpieces Headset
22.96,7,7.5768,0,South,Virginia,3277,CA-2015-102988,4/5/2015 0:00,4/9/2015 0:00,Second Class,GM-14695,Greg Maxwell,Corporate,United States,Alexandria,22304,OFF-AR-10004757,Office Supplies,Art,Crayola Colored Pencils
28.99,1,8.4071,0,South,Virginia,3278,CA-2015-102988,4/5/2015 0:00,4/9/2015 0:00,Second Class,GM-14695,Greg Maxwell,Corporate,United States,Alexandria,22304,TEC-PH-10001615,Technology,Phones,AT&T CL82213
12.96,2,6.3504,0,South,Virginia,3279,CA-2015-102988,4/5/2015 0:00,4/9/2015 0:00,Second Class,GM-14695,Greg Maxwell,Corporate,United States,Alexandria,22304,OFF-PA-10003349,Office Supplies,Paper,Xerox 1957
22.96,7,6.6584,0,South,Virginia,3280,CA-2015-102988,4/5/2015 0:00,4/9/2015 0:00,Second Class,GM-14695,Greg Maxwell,Corporate,United States,Alexandria,22304,OFF-AR-10000127,Office Supplies,Art,Newell 321
4164.05,5,83.281,0,South,Virginia,3281,CA-2015-102988,4/5/2015 0:00,4/9/2015 0:00,Second Class,GM-14695,Greg Maxwell,Corporate,United States,Alexandria,22304,OFF-SU-10002881,Office Supplies,Supplies,Martin Yale Chadless Opener Electric Letter Opener
47.984,2,13.1956,0.2,South,North Carolina,3282,US-2015-117170,9/17/2015 0:00,9/24/2015 0:00,Standard Class,KT-16465,Kean Takahito,Consumer,United States,Raleigh,27604,TEC-AC-10001109,Technology,Accessories,Logitech Trackman Marble Mouse
4.624,1,1.6762,0.2,South,North Carolina,3283,US-2015-117170,9/17/2015 0:00,9/24/2015 0:00,Standard Class,KT-16465,Kean Takahito,Consumer,United States,Raleigh,27604,OFF-PA-10000682,Office Supplies,Paper,Xerox 1924
43.512,7,3.8073,0.2,South,Tennessee,3320,CA-2015-134551,12/20/2015 0:00,12/25/2015 0:00,Standard Class,TS-21505,Tony Sayre,Consumer,United States,Columbia,38401,OFF-AP-10004868,Office Supplies,Appliances,Hoover Commercial Soft Guard Upright Vacuum And Disposable Filtration Bags
662.88,3,74.574,0.2,South,Tennessee,3321,CA-2015-134551,12/20/2015 0:00,12/25/2015 0:00,Standard Class,TS-21505,Tony Sayre,Consumer,United States,Columbia,38401,FUR-CH-10004287,Furniture,Chairs,SAFCO Arco Folding Chair
25.92,5,9.072,0.2,South,Tennessee,3322,CA-2015-134551,12/20/2015 0:00,12/25/2015 0:00,Standard Class,TS-21505,Tony Sayre,Consumer,United States,Columbia,38401,OFF-PA-10002689,Office Supplies,Paper,Weyerhaeuser First Choice Laser/Copy Paper (20Lb. and 88 Bright)
36.99,1,9.9873,0,South,Kentucky,3399,CA-2015-102274,11/21/2015 0:00,11/26/2015 0:00,Standard Class,DH-13075,Dave Hallsten,Corporate,United States,Richmond,40475,TEC-PH-10002923,Technology,Phones,"Logitech B530 USB Headset - headset - Full size, Binaural"
629.1,6,301.968,0,South,Kentucky,3400,CA-2015-102274,11/21/2015 0:00,11/26/2015 0:00,Standard Class,DH-13075,Dave Hallsten,Corporate,United States,Richmond,40475,OFF-PA-10004359,Office Supplies,Paper,Multicolor Computer Printout Paper
193.95,3,9.6975,0,South,Kentucky,3401,CA-2015-102274,11/21/2015 0:00,11/26/2015 0:00,Standard Class,DH-13075,Dave Hallsten,Corporate,United States,Richmond,40475,OFF-ST-10001511,Office Supplies,Storage,Space Solutions Commercial Steel Shelving
5.46,3,1.4742,0,South,Kentucky,3402,CA-2015-102274,11/21/2015 0:00,11/26/2015 0:00,Standard Class,DH-13075,Dave Hallsten,Corporate,United States,Richmond,40475,OFF-AR-10002833,Office Supplies,Art,Newell 322
471.92,2,29.495,0.2,South,North Carolina,3453,CA-2015-157609,3/16/2015 0:00,3/21/2015 0:00,Second Class,KN-16705,Kristina Nunn,Home Office,United States,Raleigh,27604,TEC-PH-10002415,Technology,Phones,Polycom VoiceStation 500 Conference phone
8.96,2,2.7776,0,South,Alabama,3482,CA-2015-124023,4/7/2015 0:00,4/10/2015 0:00,First Class,PJ-19015,Pauline Johnson,Consumer,United States,Mobile,36608,FUR-FU-10004415,Furniture,Furnishings,"Stacking Tray, Side-Loading, Legal, Smoke"
579.95,5,168.1855,0,South,Virginia,3483,CA-2015-124688,8/27/2015 0:00,8/29/2015 0:00,First Class,CC-12610,Corey Catlett,Corporate,United States,Springfield,22153,TEC-PH-10000455,Technology,Phones,GE 30522EE2
29.12,4,12.5216,0,South,Virginia,3484,CA-2015-124688,8/27/2015 0:00,8/29/2015 0:00,First Class,CC-12610,Corey Catlett,Corporate,United States,Springfield,22153,FUR-FU-10002456,Furniture,Furnishings,"Master Caster Door Stop, Large Neon Orange"
1202.94,3,300.735,0,South,Virginia,3485,CA-2015-124688,8/27/2015 0:00,8/29/2015 0:00,First Class,CC-12610,Corey Catlett,Corporate,United States,Springfield,22153,FUR-TA-10003569,Furniture,Tables,Bretford CR8500 Series Meeting Room Furniture
83.25,3,14.985,0,South,Kentucky,3538,CA-2015-158771,5/9/2015 0:00,5/9/2015 0:00,Same Day,SB-20290,Sean Braxton,Corporate,United States,Henderson,42420,OFF-ST-10000107,Office Supplies,Storage,Fellowes Super Stor/Drawer
9.45,3,4.536,0,South,Kentucky,3539,CA-2015-158771,5/9/2015 0:00,5/9/2015 0:00,Same Day,SB-20290,Sean Braxton,Corporate,United States,Henderson,42420,OFF-LA-10001641,Office Supplies,Labels,Avery 518
20.65,5,9.499,0,South,Kentucky,3540,CA-2015-158771,5/9/2015 0:00,5/9/2015 0:00,Same Day,SB-20290,Sean Braxton,Corporate,United States,Henderson,42420,OFF-LA-10003121,Office Supplies,Labels,Avery 506
45.36,7,21.7728,0,South,Kentucky,3541,CA-2015-158771,5/9/2015 0:00,5/9/2015 0:00,Same Day,SB-20290,Sean Braxton,Corporate,United States,Henderson,42420,OFF-PA-10002689,Office Supplies,Paper,Weyerhaeuser First Choice Laser/Copy Paper (20Lb. and 88 Bright)
142.4,5,52.688,0,South,Georgia,3623,CA-2015-159184,9/14/2015 0:00,9/19/2015 0:00,Standard Class,JC-15775,John Castell,Consumer,United States,Macon,31204,FUR-FU-10002878,Furniture,Furnishings,"Seth Thomas 14"" Day/Date Wall Clock"
7.16,2,3.4368,0,South,Georgia,3624,CA-2015-159184,9/14/2015 0:00,9/19/2015 0:00,Standard Class,JC-15775,John Castell,Consumer,United States,Macon,31204,OFF-BI-10001890,Office Supplies,Binders,Avery Poly Binder Pockets
11.85,3,3.792,0,South,South Carolina,3745,CA-2015-113047,10/24/2015 0:00,10/24/2015 0:00,Same Day,AP-10915,Arthur Prichep,Consumer,United States,Rock Hill,29730,OFF-FA-10002763,Office Supplies,Fasteners,Advantus Map Pennant Flags and Round Head Tacks
1013.832,9,101.3832,0.2,South,Florida,3769,CA-2015-153913,12/16/2015 0:00,12/20/2015 0:00,Second Class,KB-16585,Ken Black,Corporate,United States,Hialeah,33012,FUR-CH-10000988,Furniture,Chairs,Hon Olson Stacker Stools
1.984,2,0.6696,0.2,South,Florida,3770,CA-2015-153913,12/16/2015 0:00,12/20/2015 0:00,Second Class,KB-16585,Ken Black,Corporate,United States,Hialeah,33012,OFF-FA-10000490,Office Supplies,Fasteners,"OIC Binder Clips, Mini, 1/4"" Capacity, Black"
62.91,3,22.6476,0,South,South Carolina,3773,CA-2015-115357,8/6/2015 0:00,8/11/2015 0:00,Second Class,RF-19735,Roland Fjeld,Consumer,United States,Columbia,29203,TEC-AC-10000023,Technology,Accessories,"Maxell 74 Minute CD-R Spindle, 50/Pack"
6.912,3,2.3328,0.2,South,Florida,3774,US-2015-102715,4/11/2015 0:00,4/13/2015 0:00,Second Class,JK-15370,Jay Kimmel,Consumer,United States,Miami,33180,OFF-FA-10001332,Office Supplies,Fasteners,"Acco Banker's Clasps, 5 3/4""-Long"
383.976,3,81.5949,0.2,South,Florida,3775,US-2015-102715,4/11/2015 0:00,4/13/2015 0:00,Second Class,JK-15370,Jay Kimmel,Consumer,United States,Miami,33180,TEC-AC-10002001,Technology,Accessories,Logitech Wireless Gaming Headset G930
10.368,2,3.6288,0.2,South,Florida,3776,US-2015-102715,4/11/2015 0:00,4/13/2015 0:00,Second Class,JK-15370,Jay Kimmel,Consumer,United States,Miami,33180,OFF-PA-10000029,Office Supplies,Paper,Xerox 224
335.944,7,41.993,0.2,South,Florida,3777,US-2015-102715,4/11/2015 0:00,4/13/2015 0:00,Second Class,JK-15370,Jay Kimmel,Consumer,United States,Miami,33180,TEC-AC-10001874,Technology,Accessories,Logitech Wireless Anywhere Mouse MX for PC and Mac
170.352,3,10.647,0.2,South,Tennessee,3842,US-2015-109162,6/8/2015 0:00,6/12/2015 0:00,Standard Class,KE-16420,Katrina Edelman,Corporate,United States,Bristol,37620,FUR-CH-10002647,Furniture,Chairs,"Situations Contoured Folding Chairs, 4/Set"
4.368,3,0.3822,0.2,South,Tennessee,3885,CA-2015-152849,7/5/2015 0:00,7/12/2015 0:00,Standard Class,DW-13195,David Wiener,Corporate,United States,Knoxville,37918,OFF-AR-10002833,Office Supplies,Art,Newell 322
8.56,2,2.6536,0,South,Georgia,3888,CA-2015-100895,6/2/2015 0:00,6/6/2015 0:00,Standard Class,SV-20785,Stewart Visinsky,Consumer,United States,Roswell,30076,OFF-AR-10004511,Office Supplies,Art,"Sanford Colorific Scented Colored Pencils, 12/Pack"
239.97,3,67.1916,0,South,Georgia,3889,CA-2015-100895,6/2/2015 0:00,6/6/2015 0:00,Standard Class,SV-20785,Stewart Visinsky,Consumer,United States,Roswell,30076,TEC-PH-10001425,Technology,Phones,Mophie Juice Pack Helium for iPhone
356.94,2,107.082,0,South,Georgia,3890,CA-2015-100895,6/2/2015 0:00,6/6/2015 0:00,Standard Class,SV-20785,Stewart Visinsky,Consumer,United States,Roswell,30076,OFF-ST-10001490,Office Supplies,Storage,"Hot File 7-Pocket, Floor Stand"
7.872,3,0.8856,0.2,South,North Carolina,3966,CA-2015-164910,11/12/2015 0:00,11/17/2015 0:00,Second Class,DM-13345,Denise Monton,Corporate,United States,Asheville,28806,OFF-AR-10003651,Office Supplies,Art,Newell 350
20.016,9,1.7514,0.2,South,North Carolina,4064,US-2015-130358,6/23/2015 0:00,6/26/2015 0:00,First Class,DL-13330,Denise Leinenbach,Consumer,United States,Concord,28027,OFF-AR-10002766,Office Supplies,Art,Prang Drawing Pencil Set
3.104,1,0.3492,0.2,South,North Carolina,4065,US-2015-130358,6/23/2015 0:00,6/26/2015 0:00,First Class,DL-13330,Denise Leinenbach,Consumer,United States,Concord,28027,OFF-SU-10002522,Office Supplies,Supplies,Acme Kleen Earth Office Shears
7.52,5,1.41,0.2,South,North Carolina,4066,CA-2015-102673,11/1/2015 0:00,11/5/2015 0:00,Standard Class,KH-16630,Ken Heidel,Corporate,United States,Charlotte,28205,OFF-FA-10003021,Office Supplies,Fasteners,Staples
10.272,3,0.8988,0.2,South,North Carolina,4067,CA-2015-102673,11/1/2015 0:00,11/5/2015 0:00,Standard Class,KH-16630,Ken Heidel,Corporate,United States,Charlotte,28205,OFF-AR-10000634,Office Supplies,Art,Newell 320
47.808,12,15.5376,0.2,South,North Carolina,4068,CA-2015-102673,11/1/2015 0:00,11/5/2015 0:00,Standard Class,KH-16630,Ken Heidel,Corporate,United States,Charlotte,28205,OFF-LA-10001771,Office Supplies,Labels,Avery 513
978.84,9,110.1195,0.2,South,North Carolina,4069,CA-2015-102673,11/1/2015 0:00,11/5/2015 0:00,Standard Class,KH-16630,Ken Heidel,Corporate,United States,Charlotte,28205,TEC-PH-10004434,Technology,Phones,Cisco IP Phone 7961G VoIP phone - Dark gray
638.82,9,172.4814,0,South,Arkansas,4089,US-2015-156559,8/19/2015 0:00,8/26/2015 0:00,Standard Class,LH-16900,Lena Hernandez,Consumer,United States,Jonesboro,72401,FUR-BO-10000711,Furniture,Bookcases,"Hon Metal Bookcases, Gray"
67.344,6,7.5762,0.2,South,North Carolina,4128,CA-2015-127299,9/19/2015 0:00,9/24/2015 0:00,Standard Class,JL-15835,John Lee,Consumer,United States,Charlotte,28205,OFF-ST-10003722,Office Supplies,Storage,Project Tote Personal File
2624.985,3,-944.9946,0.5,South,North Carolina,4129,CA-2015-127299,9/19/2015 0:00,9/24/2015 0:00,Standard Class,JL-15835,John Lee,Consumer,United States,Charlotte,28205,TEC-MA-10001127,Technology,Machines,"HP Designjet T520 Inkjet Large Format Printer - 24"" Color"
45,9,21.6,0,South,Virginia,4134,CA-2015-128839,9/8/2015 0:00,9/13/2015 0:00,Standard Class,TT-21070,Ted Trevino,Consumer,United States,Chesapeake,23320,OFF-FA-10002280,Office Supplies,Fasteners,Advantus Plastic Paper Clips
209.97,3,90.2871,0,South,Virginia,4135,CA-2015-128839,9/8/2015 0:00,9/13/2015 0:00,Standard Class,TT-21070,Ted Trevino,Consumer,United States,Chesapeake,23320,TEC-MA-10000029,Technology,Machines,"Epson WorkForce WF-2530 All-in-One Printer, Copier Scanner"
629.95,5,163.787,0,South,South Carolina,4177,CA-2015-128846,4/7/2015 0:00,4/12/2015 0:00,Standard Class,RS-19765,Roland Schwarz,Corporate,United States,Columbia,29203,TEC-PH-10003273,Technology,Phones,AT&T TR1909W
122.97,3,60.2553,0,South,South Carolina,4178,CA-2015-128846,4/7/2015 0:00,4/12/2015 0:00,Standard Class,RS-19765,Roland Schwarz,Corporate,United States,Columbia,29203,OFF-PA-10000100,Office Supplies,Paper,Xerox 1945
9.42,3,4.239,0,South,Kentucky,4212,CA-2015-166457,5/5/2015 0:00,5/9/2015 0:00,Second Class,PF-19120,Peter Fuller,Consumer,United States,Richmond,40475,OFF-PA-10003016,Office Supplies,Paper,"Adams ""While You Were Out"" Message Pads"
6.56,2,1.9024,0,South,Kentucky,4213,CA-2015-166457,5/5/2015 0:00,5/9/2015 0:00,Second Class,PF-19120,Peter Fuller,Consumer,United States,Richmond,40475,OFF-AR-10003651,Office Supplies,Art,Newell 350
24.56,2,11.5432,0,South,Kentucky,4214,CA-2015-166457,5/5/2015 0:00,5/9/2015 0:00,Second Class,PF-19120,Peter Fuller,Consumer,United States,Richmond,40475,OFF-PA-10001363,Office Supplies,Paper,Xerox 1933
15.552,3,2.3328,0.2,South,Florida,4422,CA-2015-117016,3/4/2015 0:00,3/9/2015 0:00,Standard Class,SC-20095,Sanjit Chand,Consumer,United States,Margate,33063,OFF-AR-10001374,Office Supplies,Art,"BIC Brite Liner Highlighters, Chisel Tip"
13.62,3,6.129,0,South,Virginia,4647,CA-2015-146885,5/30/2015 0:00,6/5/2015 0:00,Standard Class,EB-13840,Ellis Ballard,Corporate,United States,Richmond,23223,OFF-PA-10001622,Office Supplies,Paper,"Ampad Poly Cover Wirebound Steno Book, 6"" x 9"" Assorted Colors, Gregg Ruled"
69.52,2,19.4656,0,South,Kentucky,4828,CA-2015-152562,11/1/2015 0:00,11/8/2015 0:00,Standard Class,JO-15145,Jack O'Briant,Corporate,United States,Richmond,40475,OFF-ST-10000464,Office Supplies,Storage,"Multi-Use Personal File Cart and Caster Set, Three Stacking Bins"
5.64,3,1.6356,0,South,Kentucky,4829,CA-2015-152562,11/1/2015 0:00,11/8/2015 0:00,Standard Class,JO-15145,Jack O'Briant,Corporate,United States,Richmond,40475,OFF-AR-10001919,Office Supplies,Art,"OIC #2 Pencils, Medium Soft"
61.568,2,4.6176,0.2,South,North Carolina,4877,US-2015-155817,10/3/2015 0:00,10/9/2015 0:00,Standard Class,SL-20155,Sara Luxemburg,Home Office,United States,Durham,27707,OFF-ST-10000532,Office Supplies,Storage,Advantus Rolling Drawer Organizers
6.192,3,0.4644,0.2,South,North Carolina,4878,US-2015-155817,10/3/2015 0:00,10/9/2015 0:00,Standard Class,SL-20155,Sara Luxemburg,Home Office,United States,Durham,27707,OFF-AR-10002335,Office Supplies,Art,DIXON Oriole Pencils
47.79,3,16.2486,0,South,Mississippi,5005,CA-2015-156006,4/30/2015 0:00,5/2/2015 0:00,Second Class,TM-21010,Tamara Manning,Consumer,United States,Jackson,39212,TEC-AC-10002550,Technology,Accessories,Maxell 4.7GB DVD-RW 3/Pack
186.304,4,13.9728,0.2,South,Florida,5106,CA-2015-116568,12/14/2015 0:00,12/20/2015 0:00,Standard Class,BM-11785,Bryan Mills,Consumer,United States,Deltona,32725,FUR-CH-10002439,Furniture,Chairs,"Iceberg Nesting Folding Chair, 19w x 6d x 43h"
232.55,5,9.302,0,South,Louisiana,5121,CA-2015-149538,4/4/2015 0:00,4/8/2015 0:00,Standard Class,KB-16585,Ken Black,Corporate,United States,Lafayette,70506,OFF-ST-10004180,Office Supplies,Storage,Safco Commercial Shelving
99.98,2,42.9914,0,South,Louisiana,5122,CA-2015-149538,4/4/2015 0:00,4/8/2015 0:00,Standard Class,KB-16585,Ken Black,Corporate,United States,Lafayette,70506,TEC-AC-10002926,Technology,Accessories,Logitech Wireless Marathon Mouse M705
19.44,3,9.3312,0,South,Louisiana,5123,CA-2015-149538,4/4/2015 0:00,4/8/2015 0:00,Standard Class,KB-16585,Ken Black,Corporate,United States,Lafayette,70506,OFF-PA-10003797,Office Supplies,Paper,Xerox 209
12.96,2,6.3504,0,South,Louisiana,5124,CA-2015-149538,4/4/2015 0:00,4/8/2015 0:00,Standard Class,KB-16585,Ken Black,Corporate,United States,Lafayette,70506,OFF-PA-10002195,Office Supplies,Paper,Xerox 1966
397.6,5,43.736,0,South,South Carolina,5193,CA-2015-101560,11/28/2015 0:00,12/1/2015 0:00,Second Class,CS-12250,Chris Selesnick,Corporate,United States,Columbia,29203,FUR-FU-10003773,Furniture,Furnishings,Eldon Cleatmat Plus Chair Mats for High Pile Carpets
85.96,7,40.4012,0,South,South Carolina,5194,CA-2015-101560,11/28/2015 0:00,12/1/2015 0:00,Second Class,CS-12250,Chris Selesnick,Corporate,United States,Columbia,29203,OFF-PA-10001363,Office Supplies,Paper,Xerox 1933
13.12,4,4.3296,0,South,South Carolina,5195,CA-2015-101560,11/28/2015 0:00,12/1/2015 0:00,Second Class,CS-12250,Chris Selesnick,Corporate,United States,Columbia,29203,OFF-AR-10004757,Office Supplies,Art,Crayola Colored Pencils
45.66,3,22.3734,0,South,South Carolina,5196,CA-2015-101560,11/28/2015 0:00,12/1/2015 0:00,Second Class,CS-12250,Chris Selesnick,Corporate,United States,Columbia,29203,OFF-BI-10000309,Office Supplies,Binders,"GBC Twin Loop Wire Binding Elements, 9/16"" Spine, Black"
605.34,6,145.2816,0,South,Arkansas,5234,CA-2015-115084,10/18/2015 0:00,10/22/2015 0:00,Standard Class,LS-17200,Luke Schmidt,Corporate,United States,Texarkana,71854,FUR-CH-10004626,Furniture,Chairs,Office Star Flex Back Scooter Chair with Aluminum Finish Frame
105.52,4,48.5392,0,South,Virginia,5279,CA-2015-159681,12/7/2015 0:00,12/13/2015 0:00,Standard Class,PO-18850,Patrick O'Brill,Consumer,United States,Virginia Beach,23464,OFF-PA-10003641,Office Supplies,Paper,Xerox 1909
31.984,2,1.999,0.2,South,Florida,5430,CA-2015-136861,9/5/2015 0:00,9/7/2015 0:00,First Class,PR-18880,Patrick Ryan,Consumer,United States,Saint Petersburg,33710,FUR-FU-10001967,Furniture,Furnishings,Telescoping Adjustable Floor Lamp
19.52,2,5.368,0.2,South,Florida,5437,CA-2015-103317,7/5/2015 0:00,7/8/2015 0:00,First Class,DM-13525,Don Miller,Corporate,United States,Palm Coast,32137,FUR-FU-10001591,Furniture,Furnishings,Advantus Panel Wall Certificate Holder - 8.5x11
9.81,5,-6.867,0.7,South,Florida,5438,CA-2015-103317,7/5/2015 0:00,7/8/2015 0:00,First Class,DM-13525,Don Miller,Corporate,United States,Palm Coast,32137,OFF-BI-10001787,Office Supplies,Binders,Wilson Jones Four-Pocket Poly Binders
213.216,3,15.9912,0.2,South,Florida,5439,CA-2015-103317,7/5/2015 0:00,7/8/2015 0:00,First Class,DM-13525,Don Miller,Corporate,United States,Palm Coast,32137,FUR-FU-10003192,Furniture,Furnishings,Luxo Adjustable Task Clamp Lamp
16.272,1,-3.8646,0.2,South,North Carolina,5461,US-2015-107405,3/21/2015 0:00,3/25/2015 0:00,Standard Class,TS-21205,Thomas Seio,Corporate,United States,Asheville,28806,OFF-ST-10002301,Office Supplies,Storage,Tennsco Commercial Shelving
1.869,1,-1.3083,0.7,South,Florida,5480,CA-2015-101770,3/31/2015 0:00,4/4/2015 0:00,Standard Class,KB-16240,Karen Bern,Corporate,United States,Miami,33180,OFF-BI-10001097,Office Supplies,Binders,Avery Hole Reinforcements
23.472,3,7.6284,0.2,South,Florida,5486,CA-2015-107573,12/12/2015 0:00,12/17/2015 0:00,Standard Class,PB-19150,Philip Brown,Consumer,United States,Miami,33178,OFF-EN-10001099,Office Supplies,Envelopes,Staple envelope
234.45,3,103.158,0,South,Virginia,5631,CA-2015-127614,2/11/2015 0:00,2/15/2015 0:00,Standard Class,NF-18385,Natalie Fritzler,Consumer,United States,Chesapeake,23320,TEC-AC-10001432,Technology,Accessories,Enermax Aurora Lite Keyboard
1256.22,6,75.3732,0,South,Virginia,5632,CA-2015-127614,2/11/2015 0:00,2/15/2015 0:00,Standard Class,NF-18385,Natalie Fritzler,Consumer,United States,Chesapeake,23320,FUR-TA-10003715,Furniture,Tables,Hon 2111 Invitation Series Corner Table
17.46,2,8.2062,0,South,Virginia,5633,CA-2015-127614,2/11/2015 0:00,2/15/2015 0:00,Standard Class,NF-18385,Natalie Fritzler,Consumer,United States,Chesapeake,23320,OFF-BI-10003291,Office Supplies,Binders,Wilson Jones Leather-Like Binders with DublLock Round Rings
15.84,3,7.128,0,South,Georgia,5683,CA-2015-164315,4/2/2015 0:00,4/8/2015 0:00,Standard Class,RD-19585,Rob Dowd,Consumer,United States,Athens,30605,OFF-PA-10004248,Office Supplies,Paper,Xerox 1990
1049.93,7,293.9804,0,South,Georgia,5684,CA-2015-164315,4/2/2015 0:00,4/8/2015 0:00,Standard Class,RD-19585,Rob Dowd,Consumer,United States,Athens,30605,TEC-PH-10001128,Technology,Phones,Motorola Droid Maxx
154.9,5,40.274,0,South,Georgia,5685,CA-2015-164315,4/2/2015 0:00,4/8/2015 0:00,Standard Class,RD-19585,Rob Dowd,Consumer,United States,Athens,30605,OFF-AP-10003842,Office Supplies,Appliances,Euro-Pro Shark Turbo Vacuum
14.32,5,5.191,0.2,South,Florida,5687,CA-2015-131541,7/28/2015 0:00,7/28/2015 0:00,Same Day,CK-12205,Chloris Kastensmidt,Consumer,United States,Apopka,32712,OFF-FA-10000621,Office Supplies,Fasteners,"OIC Colored Binder Clips, Assorted Sizes"
129.888,6,12.9888,0.2,South,Florida,5688,CA-2015-131541,7/28/2015 0:00,7/28/2015 0:00,Same Day,CK-12205,Chloris Kastensmidt,Consumer,United States,Apopka,32712,FUR-FU-10003623,Furniture,Furnishings,"DataProducts Ampli Magnifier Task Lamp, Black,"
48.944,7,16.5186,0.2,South,Florida,5689,CA-2015-131541,7/28/2015 0:00,7/28/2015 0:00,Same Day,CK-12205,Chloris Kastensmidt,Consumer,United States,Apopka,32712,OFF-EN-10000781,Office Supplies,Envelopes,"#10- 4 1/8"" x 9 1/2"" Recycled Envelopes"
9.64,2,4.7236,0,South,Virginia,5854,US-2015-138835,9/10/2015 0:00,9/14/2015 0:00,Standard Class,DA-13450,Dianna Arnett,Home Office,United States,Virginia Beach,23464,OFF-BI-10003314,Office Supplies,Binders,Tuff Stuff Recycled Round Ring Binders
25.5,3,6.63,0,South,Kentucky,5913,CA-2015-120432,8/24/2015 0:00,8/26/2015 0:00,Second Class,DW-13585,Dorothy Wardle,Corporate,United States,Owensboro,42301,OFF-SU-10004661,Office Supplies,Supplies,Acme Titanium Bonded Scissors
1215.92,8,316.1392,0,South,Alabama,5927,US-2015-118997,4/8/2015 0:00,4/12/2015 0:00,Standard Class,RA-19885,Ruben Ausman,Corporate,United States,Decatur,35601,FUR-TA-10001086,Furniture,Tables,"SAFCO PlanMaster Boards, 60w x 37-1/2d, White Melamine"
7.31,1,3.4357,0,South,Arkansas,5928,CA-2015-114314,10/11/2015 0:00,10/15/2015 0:00,Standard Class,DB-13555,Dorothy Badders,Corporate,United States,Fayetteville,72701,OFF-LA-10000240,Office Supplies,Labels,Self-Adhesive Address Labels for Typewriters by Universal
8.92,4,3.9248,0,South,Arkansas,5929,CA-2015-114314,10/11/2015 0:00,10/15/2015 0:00,Standard Class,DB-13555,Dorothy Badders,Corporate,United States,Fayetteville,72701,FUR-FU-10002107,Furniture,Furnishings,Eldon Pizzaz Desk Accessories
323.976,3,28.3479,0.2,South,Florida,6161,CA-2015-103989,3/19/2015 0:00,3/21/2015 0:00,First Class,MC-17605,Matt Connell,Corporate,United States,Lakeland,33801,TEC-PH-10004667,Technology,Phones,Cisco 8x8 Inc. 6753i IP Business Phone System
11.808,4,3.9852,0.2,South,Florida,6162,CA-2015-103989,3/19/2015 0:00,3/21/2015 0:00,First Class,MC-17605,Matt Connell,Corporate,United States,Lakeland,33801,OFF-LA-10000443,Office Supplies,Labels,Avery 501
26.16,3,1.962,0.2,South,Florida,6163,CA-2015-103989,3/19/2015 0:00,3/21/2015 0:00,First Class,MC-17605,Matt Connell,Corporate,United States,Lakeland,33801,OFF-ST-10000918,Office Supplies,Storage,Crate-A-Files
33.57,5,-25.737,0.7,South,Florida,6164,CA-2015-103989,3/19/2015 0:00,3/21/2015 0:00,First Class,MC-17605,Matt Connell,Corporate,United States,Lakeland,33801,OFF-BI-10001196,Office Supplies,Binders,"Avery Flip-Chart Easel Binder, Black"
4.992,3,1.3728,0.2,South,Florida,6165,CA-2015-103989,3/19/2015 0:00,3/21/2015 0:00,First Class,MC-17605,Matt Connell,Corporate,United States,Lakeland,33801,FUR-FU-10003981,Furniture,Furnishings,Eldon Wave Desk Accessories
20.016,3,5.5044,0.2,South,Florida,6166,CA-2015-103989,3/19/2015 0:00,3/21/2015 0:00,First Class,MC-17605,Matt Connell,Corporate,United States,Lakeland,33801,FUR-FU-10002508,Furniture,Furnishings,Document Clip Frames
170.24,2,53.2,0.2,South,Florida,6167,CA-2015-103989,3/19/2015 0:00,3/21/2015 0:00,First Class,MC-17605,Matt Connell,Corporate,United States,Lakeland,33801,TEC-AC-10002647,Technology,Accessories,"Logitech Wireless Boombox Speaker - portable - wireless, wired"
13.36,2,6.4128,0,South,Virginia,6170,CA-2015-101266,8/27/2015 0:00,8/30/2015 0:00,Second Class,MM-17920,Michael Moore,Consumer,United States,Springfield,22153,OFF-PA-10002986,Office Supplies,Paper,Xerox 1898
18.24,2,-14.592,0.7,South,Tennessee,6243,CA-2015-134621,12/21/2015 0:00,12/28/2015 0:00,Standard Class,DP-13390,Dennis Pardue,Home Office,United States,Columbia,38401,OFF-BI-10000977,Office Supplies,Binders,Ibico Plastic Spiral Binding Combs
58.32,9,27.9936,0,South,Georgia,6253,CA-2015-165806,4/7/2015 0:00,4/7/2015 0:00,Same Day,VM-21685,Valerie Mitchum,Home Office,United States,Marietta,30062,OFF-PA-10003441,Office Supplies,Paper,Xerox 226
200.97,3,50.2425,0,South,Georgia,6254,CA-2015-165806,4/7/2015 0:00,4/7/2015 0:00,Same Day,VM-21685,Valerie Mitchum,Home Office,United States,Marietta,30062,TEC-PH-10004922,Technology,Phones,RCA Visys Integrated PBX 8-Line Router
3.488,2,1.1772,0.2,South,Tennessee,6266,CA-2015-146731,11/3/2015 0:00,11/8/2015 0:00,Standard Class,AT-10735,Annie Thurman,Consumer,United States,Nashville,37211,OFF-PA-10000141,Office Supplies,Paper,"Ampad Evidence Wirebond Steno Books, 6"" x 9"""
143.856,9,48.5514,0.2,South,Tennessee,6267,CA-2015-146731,11/3/2015 0:00,11/8/2015 0:00,Standard Class,AT-10735,Annie Thurman,Consumer,United States,Nashville,37211,OFF-PA-10001019,Office Supplies,Paper,Xerox 1884
561.584,2,70.198,0.2,South,Tennessee,6375,CA-2015-107811,4/29/2015 0:00,5/3/2015 0:00,Standard Class,LA-16780,Laura Armstrong,Corporate,United States,Memphis,38109,FUR-CH-10001394,Furniture,Chairs,Global Leather Executive Chair
99.92,5,-1.249,0.2,South,Tennessee,6376,CA-2015-107811,4/29/2015 0:00,5/3/2015 0:00,Standard Class,LA-16780,Laura Armstrong,Corporate,United States,Memphis,38109,OFF-ST-10000798,Office Supplies,Storage,2300 Heavy-Duty Transfer File Systems by Perma
25.984,2,-1.624,0.2,South,North Carolina,6430,CA-2015-165764,11/3/2015 0:00,11/7/2015 0:00,Standard Class,SH-20395,Shahid Hopkins,Consumer,United States,Jacksonville,28540,OFF-ST-10001558,Office Supplies,Storage,Acco Perma 4000 Stacking Storage Drawers
945.036,6,-299.2614,0.4,South,North Carolina,6431,CA-2015-165764,11/3/2015 0:00,11/7/2015 0:00,Standard Class,SH-20395,Shahid Hopkins,Consumer,United States,Jacksonville,28540,FUR-TA-10001768,Furniture,Tables,Hon Racetrack Conference Tables
14.301,7,-10.4874,0.7,South,North Carolina,6432,CA-2015-165764,11/3/2015 0:00,11/7/2015 0:00,Standard Class,SH-20395,Shahid Hopkins,Consumer,United States,Jacksonville,28540,OFF-BI-10002982,Office Supplies,Binders,Avery Self-Adhesive Photo Pockets for Polaroid Photos
410.352,3,-51.294,0.2,South,North Carolina,6433,CA-2015-165764,11/3/2015 0:00,11/7/2015 0:00,Standard Class,SH-20395,Shahid Hopkins,Consumer,United States,Jacksonville,28540,FUR-FU-10001468,Furniture,Furnishings,Tenex Antistatic Computer Chair Mats
328.59,3,-147.8655,0.4,South,Tennessee,6537,CA-2015-169684,10/20/2015 0:00,10/23/2015 0:00,First Class,FH-14365,Fred Hopkins,Corporate,United States,Knoxville,37918,FUR-TA-10003008,Furniture,Tables,"Lesro Round Back Collection Coffee Table, End Table"
98.352,3,-24.588,0.2,South,Tennessee,6538,CA-2015-169684,10/20/2015 0:00,10/23/2015 0:00,First Class,FH-14365,Fred Hopkins,Corporate,United States,Knoxville,37918,OFF-ST-10000934,Office Supplies,Storage,"Contico 72""H Heavy-Duty Storage System"
9.912,3,3.2214,0.2,South,Florida,6591,CA-2015-164749,3/23/2015 0:00,3/26/2015 0:00,First Class,BG-11740,Bruce Geld,Consumer,United States,Delray Beach,33445,OFF-LA-10004484,Office Supplies,Labels,Avery 476
1.365,1,-0.91,0.7,South,Florida,6598,CA-2015-169257,6/6/2015 0:00,6/12/2015 0:00,Standard Class,SV-20785,Stewart Visinsky,Consumer,United States,Jacksonville,32216,OFF-BI-10002557,Office Supplies,Binders,Presstex Flexible Ring Binders
62.016,2,22.4808,0.2,South,Florida,6599,CA-2015-169257,6/6/2015 0:00,6/12/2015 0:00,Standard Class,SV-20785,Stewart Visinsky,Consumer,United States,Jacksonville,32216,OFF-PA-10002319,Office Supplies,Paper,Xerox 1944
9.96,2,4.8804,0,South,Georgia,6806,CA-2015-125682,11/22/2015 0:00,11/25/2015 0:00,First Class,RB-19645,Robert Barroso,Corporate,United States,Atlanta,30318,OFF-PA-10001752,Office Supplies,Paper,Hammermill CopyPlus Copy Paper (20Lb. and 84 Bright)
146.76,3,38.1576,0,South,Kentucky,7015,CA-2015-114790,3/11/2015 0:00,3/13/2015 0:00,Second Class,FM-14215,Filia McAdams,Corporate,United States,Richmond,40475,OFF-AP-10002578,Office Supplies,Appliances,"Fellowes Premier Superior Surge Suppressor, 10-Outlet, With Phone and Remote"
32.96,2,14.1728,0,South,Kentucky,7016,CA-2015-114790,3/11/2015 0:00,3/13/2015 0:00,Second Class,FM-14215,Filia McAdams,Corporate,United States,Richmond,40475,TEC-AC-10000710,Technology,Accessories,Maxell DVD-RAM Discs
587.97,3,164.6316,0,South,Kentucky,7017,CA-2015-114790,3/11/2015 0:00,3/13/2015 0:00,Second Class,FM-14215,Filia McAdams,Corporate,United States,Richmond,40475,TEC-PH-10000984,Technology,Phones,Panasonic KX-TG9471B
14.94,3,7.0218,0,South,Kentucky,7018,CA-2015-114790,3/11/2015 0:00,3/13/2015 0:00,Second Class,FM-14215,Filia McAdams,Corporate,United States,Richmond,40475,OFF-PA-10000213,Office Supplies,Paper,Xerox 198
479.984,2,89.997,0.2,South,Florida,7037,CA-2015-124618,5/2/2015 0:00,5/4/2015 0:00,Second Class,CS-11860,Cari Schnelling,Consumer,United States,Lakeland,33801,TEC-CO-10004202,Technology,Copiers,Brother DCP1000 Digital 3 in 1 Multifunction Machine
67.194,1,-51.5154,0.7,South,Tennessee,7121,US-2015-147774,1/20/2015 0:00,1/26/2015 0:00,Standard Class,MM-18280,Muhammed MacIntyre,Corporate,United States,Smyrna,37167,OFF-BI-10003091,Office Supplies,Binders,GBC DocuBind TL200 Manual Binding Machine
111.15,5,48.906,0,South,Virginia,7143,CA-2015-122217,11/24/2015 0:00,11/29/2015 0:00,Standard Class,HP-14815,Harold Pawlan,Home Office,United States,Virginia Beach,23464,FUR-FU-10002045,Furniture,Furnishings,"Executive Impressions 14"""
88.768,2,31.0688,0.2,South,North Carolina,7153,CA-2015-137911,10/9/2015 0:00,10/15/2015 0:00,Standard Class,BP-11095,Bart Pistole,Corporate,United States,Jacksonville,28540,OFF-PA-10004071,Office Supplies,Paper,"Eaton Premium Continuous-Feed Paper, 25% Cotton, Letter Size, White, 1000 Shts/Box"
21.84,3,10.92,0,South,Virginia,7162,CA-2015-138709,7/4/2015 0:00,7/9/2015 0:00,Standard Class,MS-17770,Maxwell Schwartz,Consumer,United States,Richmond,23223,OFF-PA-10004734,Office Supplies,Paper,Southworth Structures Collection
15.6,5,7.644,0,South,Virginia,7163,CA-2015-138709,7/4/2015 0:00,7/9/2015 0:00,Standard Class,MS-17770,Maxwell Schwartz,Consumer,United States,Richmond,23223,OFF-BI-10000145,Office Supplies,Binders,Zipper Ring Binder Pockets
12.78,3,5.2398,0,South,Georgia,7181,CA-2015-106054,1/6/2015 0:00,1/7/2015 0:00,First Class,JO-15145,Jack O'Briant,Corporate,United States,Athens,30605,OFF-AR-10002399,Office Supplies,Art,"Dixon Prang Watercolor Pencils, 10-Color Set with Brush"
799.92,10,239.976,0.2,South,Florida,7277,CA-2015-120670,11/2/2015 0:00,11/6/2015 0:00,Standard Class,JK-16120,Julie Kriz,Home Office,United States,Fort Lauderdale,33311,TEC-AC-10004171,Technology,Accessories,Razer Kraken 7.1 Surround Sound Over Ear USB Gaming Headset
67.88,2,18.3276,0,South,Georgia,7341,CA-2015-116190,7/26/2015 0:00,8/1/2015 0:00,Standard Class,SG-20470,Sheri Gordon,Consumer,United States,Atlanta,30318,FUR-CH-10000553,Furniture,Chairs,"Metal Folding Chairs, Beige, 4/Carton"
162.89,13,76.5583,0,South,Georgia,7342,CA-2015-116190,7/26/2015 0:00,8/1/2015 0:00,Standard Class,SG-20470,Sheri Gordon,Consumer,United States,Atlanta,30318,OFF-LA-10002762,Office Supplies,Labels,Avery 485
25.71,3,9.2556,0,South,Georgia,7343,CA-2015-116190,7/26/2015 0:00,8/1/2015 0:00,Standard Class,SG-20470,Sheri Gordon,Consumer,United States,Atlanta,30318,FUR-FU-10000719,Furniture,Furnishings,"DAX Cubicle Frames, 8-1/2 x 11"
11.43,3,5.3721,0,South,Mississippi,7428,US-2015-164763,3/17/2015 0:00,3/21/2015 0:00,Standard Class,MH-17440,Mark Haberlin,Corporate,United States,Jackson,39212,OFF-BI-10000605,Office Supplies,Binders,"Acco Pressboard Covers with Storage Hooks, 9 1/2"" x 11"", Executive Red"
30.44,2,14.9156,0,South,Mississippi,7429,US-2015-164763,3/17/2015 0:00,3/21/2015 0:00,Standard Class,MH-17440,Mark Haberlin,Corporate,United States,Jackson,39212,OFF-BI-10000309,Office Supplies,Binders,"GBC Twin Loop Wire Binding Elements, 9/16"" Spine, Black"
12.96,2,6.3504,0,South,Mississippi,7430,US-2015-164763,3/17/2015 0:00,3/21/2015 0:00,Standard Class,MH-17440,Mark Haberlin,Corporate,United States,Jackson,39212,OFF-PA-10003349,Office Supplies,Paper,Xerox 1957
16,4,7.68,0,South,Mississippi,7431,US-2015-164763,3/17/2015 0:00,3/21/2015 0:00,Standard Class,MH-17440,Mark Haberlin,Corporate,United States,Jackson,39212,OFF-PA-10003063,Office Supplies,Paper,EcoTones Memo Sheets
32.67,3,8.4942,0,South,Mississippi,7432,US-2015-164763,3/17/2015 0:00,3/21/2015 0:00,Standard Class,MH-17440,Mark Haberlin,Corporate,United States,Jackson,39212,OFF-AP-10003971,Office Supplies,Appliances,Belkin 6 Outlet Metallic Surge Strip
2573.82,9,746.4078,0,South,Kentucky,7475,CA-2015-167199,1/6/2015 0:00,1/10/2015 0:00,Standard Class,ME-17320,Maria Etezadi,Home Office,United States,Henderson,42420,FUR-CH-10004063,Furniture,Chairs,Global Deluxe High-Back Manager's Chair
609.98,2,274.491,0,South,Kentucky,7476,CA-2015-167199,1/6/2015 0:00,1/10/2015 0:00,Standard Class,ME-17320,Maria Etezadi,Home Office,United States,Henderson,42420,OFF-BI-10004632,Office Supplies,Binders,Ibico Hi-Tech Manual Binding System
5.48,2,1.4796,0,South,Kentucky,7477,CA-2015-167199,1/6/2015 0:00,1/10/2015 0:00,Standard Class,ME-17320,Maria Etezadi,Home Office,United States,Henderson,42420,OFF-AR-10001662,Office Supplies,Art,Rogers Handheld Barrel Pencil Sharpener
391.98,2,113.6742,0,South,Kentucky,7478,CA-2015-167199,1/6/2015 0:00,1/10/2015 0:00,Standard Class,ME-17320,Maria Etezadi,Home Office,United States,Henderson,42420,TEC-PH-10004977,Technology,Phones,GE 30524EE4
755.96,4,204.1092,0,South,Kentucky,7479,CA-2015-167199,1/6/2015 0:00,1/10/2015 0:00,Standard Class,ME-17320,Maria Etezadi,Home Office,United States,Henderson,42420,TEC-PH-10004539,Technology,Phones,Wireless Extenders zBoost YX545 SOHO Signal Booster
31.12,4,0.3112,0,South,Kentucky,7480,CA-2015-167199,1/6/2015 0:00,1/10/2015 0:00,Standard Class,ME-17320,Maria Etezadi,Home Office,United States,Henderson,42420,OFF-FA-10001883,Office Supplies,Fasteners,"Alliance Super-Size Bands, Assorted Sizes"
6.54,1,3.0084,0,South,Kentucky,7481,CA-2015-167199,1/6/2015 0:00,1/10/2015 0:00,Standard Class,ME-17320,Maria Etezadi,Home Office,United States,Henderson,42420,OFF-PA-10000955,Office Supplies,Paper,Southworth 25% Cotton Granite Paper & Envelopes
194.7,5,9.735,0,South,Virginia,7572,CA-2015-100916,10/21/2015 0:00,10/26/2015 0:00,Standard Class,FH-14275,Frank Hawley,Corporate,United States,Newport News,23602,OFF-ST-10003479,Office Supplies,Storage,"Eldon Base for stackable storage shelf, platinum"
591.32,4,112.3508,0,South,Virginia,7573,CA-2015-100916,10/21/2015 0:00,10/26/2015 0:00,Standard Class,FH-14275,Frank Hawley,Corporate,United States,Newport News,23602,FUR-TA-10004607,Furniture,Tables,Hon 2111 Invitation Series Straight Table
2.84,1,0.8804,0,South,Virginia,7574,CA-2015-100916,10/21/2015 0:00,10/26/2015 0:00,Standard Class,FH-14275,Frank Hawley,Corporate,United States,Newport News,23602,OFF-AR-10001022,Office Supplies,Art,SANFORD Liquid Accent Tank-Style Highlighters
3499.93,7,909.9818,0,South,Virginia,7584,CA-2015-163223,3/21/2015 0:00,3/25/2015 0:00,Standard Class,KH-16690,Kristen Hastings,Corporate,United States,Springfield,22153,TEC-PH-10000730,Technology,Phones,Samsung Galaxy S4 Active
14.4,5,6.624,0,South,Virginia,7585,CA-2015-163223,3/21/2015 0:00,3/25/2015 0:00,Standard Class,KH-16690,Kristen Hastings,Corporate,United States,Springfield,22153,OFF-LA-10004409,Office Supplies,Labels,Avery 492
122.97,3,60.2553,0,South,Virginia,7586,CA-2015-163223,3/21/2015 0:00,3/25/2015 0:00,Standard Class,KH-16690,Kristen Hastings,Corporate,United States,Springfield,22153,OFF-PA-10000675,Office Supplies,Paper,Xerox 1919
9.32,4,2.7028,0,South,Virginia,7587,CA-2015-163223,3/21/2015 0:00,3/25/2015 0:00,Standard Class,KH-16690,Kristen Hastings,Corporate,United States,Springfield,22153,OFF-AR-10001573,Office Supplies,Art,American Pencil
122.94,3,59.0112,0,South,Virginia,7588,CA-2015-163223,3/21/2015 0:00,3/25/2015 0:00,Standard Class,KH-16690,Kristen Hastings,Corporate,United States,Springfield,22153,OFF-BI-10001597,Office Supplies,Binders,"Wilson Jones Ledger-Size, Piano-Hinge Binder, 2"", Blue"
6.642,9,-4.428,0.7,South,Florida,7616,CA-2015-148425,11/30/2015 0:00,12/4/2015 0:00,Standard Class,RF-19345,Randy Ferguson,Corporate,United States,Orlando,32839,OFF-BI-10000201,Office Supplies,Binders,"Avery Triangle Shaped Sheet Lifters, Black, 2/Pack"
1299.99,2,-571.9956,0.5,South,North Carolina,7647,US-2015-115196,9/9/2015 0:00,9/13/2015 0:00,Standard Class,DL-12925,Daniel Lacy,Consumer,United States,Greenville,27834,TEC-MA-10002073,Technology,Machines,"3D Systems Cube Printer, 2nd Generation, White"
129.92,4,10.3936,0,South,Louisiana,7665,CA-2015-151967,10/22/2015 0:00,10/26/2015 0:00,Standard Class,NB-18580,Nicole Brennan,Corporate,United States,Bossier City,71111,FUR-FU-10000193,Furniture,Furnishings,Tenex Chairmats For Use with Hard Floors
23.472,3,4.9878,0.2,South,North Carolina,7677,CA-2015-142951,10/8/2015 0:00,10/8/2015 0:00,Same Day,JG-15115,Jack Garza,Consumer,United States,Charlotte,28205,TEC-AC-10002331,Technology,Accessories,"Maxell 74 Minute CDR, 10/Pack"
42.208,2,13.7176,0.2,South,Tennessee,7761,CA-2015-155390,12/6/2015 0:00,12/11/2015 0:00,Standard Class,BG-11035,Barry Gonzalez,Consumer,United States,Memphis,38109,OFF-PA-10003641,Office Supplies,Paper,Xerox 1909
58.05,3,26.703,0,South,Virginia,7843,CA-2015-158470,4/19/2015 0:00,4/23/2015 0:00,Second Class,AG-10390,Allen Goldenen,Consumer,United States,Arlington,22204,OFF-BI-10003638,Office Supplies,Binders,GBC Durable Plastic Covers
71.28,11,34.2144,0,South,Virginia,7844,CA-2015-158470,4/19/2015 0:00,4/23/2015 0:00,Second Class,AG-10390,Allen Goldenen,Consumer,United States,Arlington,22204,OFF-PA-10001569,Office Supplies,Paper,Xerox 232
659.97,3,197.991,0,South,Mississippi,7978,CA-2015-166051,5/31/2015 0:00,6/5/2015 0:00,Standard Class,JK-15625,Jim Karlsson,Consumer,United States,Jackson,39212,TEC-PH-10002680,Technology,Phones,Samsung Galaxy Note 3
113.73,3,32.9817,0,South,Mississippi,7979,CA-2015-166051,5/31/2015 0:00,6/5/2015 0:00,Standard Class,JK-15625,Jim Karlsson,Consumer,United States,Jackson,39212,TEC-PH-10002538,Technology,Phones,Grandstream GXP1160 VoIP phone
344.91,3,10.3473,0,South,Georgia,8246,US-2015-143581,8/19/2015 0:00,8/23/2015 0:00,Standard Class,BS-11365,Bill Shonely,Corporate,United States,Columbus,31907,OFF-ST-10000991,Office Supplies,Storage,Space Solutions HD Industrial Steel Shelving.
31.104,6,10.8864,0.2,South,Florida,8287,CA-2015-156244,8/12/2015 0:00,8/16/2015 0:00,Standard Class,DH-13675,Duane Huffman,Home Office,United States,Miami,33180,OFF-PA-10000295,Office Supplies,Paper,Xerox 229
47.96,5,4.1965,0.2,South,Florida,8288,CA-2015-156244,8/12/2015 0:00,8/16/2015 0:00,Standard Class,DH-13675,Duane Huffman,Home Office,United States,Miami,33180,OFF-AR-10004344,Office Supplies,Art,Bulldog Vacuum Base Pencil Sharpener
158.928,7,41.7186,0.2,South,Florida,8289,CA-2015-156244,8/12/2015 0:00,8/16/2015 0:00,Standard Class,DH-13675,Duane Huffman,Home Office,United States,Miami,33180,TEC-AC-10002473,Technology,Accessories,Maxell 4.7GB DVD-R
211.248,6,15.8436,0.2,South,Florida,8290,CA-2015-156244,8/12/2015 0:00,8/16/2015 0:00,Standard Class,DH-13675,Duane Huffman,Home Office,United States,Miami,33180,OFF-AP-10002403,Office Supplies,Appliances,Acco Smartsocket Color-Coded Six-Outlet AC Adapter Model Surge Protectors
5.552,2,-1.041,0.2,South,Florida,8291,CA-2015-156244,8/12/2015 0:00,8/16/2015 0:00,Standard Class,DH-13675,Duane Huffman,Home Office,United States,Miami,33180,OFF-SU-10000432,Office Supplies,Supplies,Acco Side-Punched Conventional Columnar Pads
2.952,1,0.9963,0.2,South,Florida,8292,CA-2015-156244,8/12/2015 0:00,8/16/2015 0:00,Standard Class,DH-13675,Duane Huffman,Home Office,United States,Miami,33180,OFF-LA-10000443,Office Supplies,Labels,Avery 501
23.92,4,11.7208,0,South,Alabama,8338,CA-2015-153087,12/27/2015 0:00,1/3/2016 0:00,Standard Class,TC-20980,Tamara Chand,Corporate,United States,Decatur,35601,OFF-PA-10001243,Office Supplies,Paper,Xerox 1983
498,5,184.26,0,South,Alabama,8339,CA-2015-153087,12/27/2015 0:00,1/3/2016 0:00,Standard Class,TC-20980,Tamara Chand,Corporate,United States,Decatur,35601,TEC-AC-10003198,Technology,Accessories,Enermax Acrylux Wireless Keyboard
32.4,5,15.552,0,South,Virginia,8341,CA-2015-161634,11/14/2015 0:00,11/20/2015 0:00,Standard Class,CC-12220,Chris Cortes,Consumer,United States,Chesapeake,23320,OFF-PA-10002262,Office Supplies,Paper,Xerox 192
59.2,5,22.2,0.2,South,Tennessee,8344,US-2015-155544,3/21/2015 0:00,3/25/2015 0:00,Standard Class,GM-14440,Gary McGarr,Consumer,United States,Knoxville,37918,OFF-LA-10004544,Office Supplies,Labels,Avery 505
32.952,3,6.5904,0.2,South,Tennessee,8345,US-2015-155544,3/21/2015 0:00,3/25/2015 0:00,Standard Class,GM-14440,Gary McGarr,Consumer,United States,Knoxville,37918,FUR-FU-10001473,Furniture,Furnishings,DAX Wood Document Frame
218.376,3,-10.9188,0.2,South,Tennessee,8346,US-2015-155544,3/21/2015 0:00,3/25/2015 0:00,Standard Class,GM-14440,Gary McGarr,Consumer,United States,Knoxville,37918,FUR-CH-10000422,Furniture,Chairs,Global Highback Leather Tilter in Burgundy
310.688,7,108.7408,0.2,South,North Carolina,8397,CA-2015-152254,6/30/2015 0:00,6/30/2015 0:00,Same Day,BD-11620,Brian DeCherney,Consumer,United States,Wilmington,28403,OFF-PA-10001144,Office Supplies,Paper,Xerox 1913
11.88,2,5.346,0,South,Virginia,8596,CA-2015-111934,5/5/2015 0:00,5/7/2015 0:00,First Class,GD-14590,Giulietta Dortch,Corporate,United States,Arlington,22204,OFF-BI-10004364,Office Supplies,Binders,Storex Dura Pro Binders
35.44,1,16.6568,0,South,Virginia,8597,CA-2015-111934,5/5/2015 0:00,5/7/2015 0:00,First Class,GD-14590,Giulietta Dortch,Corporate,United States,Arlington,22204,OFF-PA-10000474,Office Supplies,Paper,Easy-staple paper
174.95,5,45.487,0,South,Kentucky,8636,CA-2015-160094,4/30/2015 0:00,5/2/2015 0:00,First Class,JM-16195,Justin MacKendrick,Consumer,United States,Louisville,40214,OFF-AR-10004010,Office Supplies,Art,Hunt Boston Vacuum Mount KS Pencil Sharpener
826,5,214.76,0,South,Kentucky,8637,CA-2015-160094,4/30/2015 0:00,5/2/2015 0:00,First Class,JM-16195,Justin MacKendrick,Consumer,United States,Louisville,40214,OFF-ST-10000585,Office Supplies,Storage,Economy Rollaway Files
12.39,3,5.8233,0,South,Kentucky,8640,CA-2015-129819,12/13/2015 0:00,12/15/2015 0:00,Second Class,KC-16675,Kimberly Carter,Corporate,United States,Henderson,42420,OFF-BI-10004970,Office Supplies,Binders,"ACCOHIDE 3-Ring Binder, Blue, 1"""
47.79,3,16.2486,0,South,Virginia,8683,CA-2015-133634,11/5/2015 0:00,11/10/2015 0:00,Standard Class,SR-20740,Steven Roelle,Home Office,United States,Arlington,22204,TEC-AC-10002550,Technology,Accessories,Maxell 4.7GB DVD-RW 3/Pack
177.68,2,46.1968,0,South,Virginia,8920,CA-2015-160276,4/2/2015 0:00,4/8/2015 0:00,Standard Class,AH-10690,Anna Häberlin,Corporate,United States,Virginia Beach,23464,FUR-FU-10003192,Furniture,Furnishings,Luxo Adjustable Task Clamp Lamp
7.632,3,-1.8126,0.2,South,Florida,8941,CA-2015-130918,8/22/2015 0:00,8/24/2015 0:00,Second Class,JP-15520,Jeremy Pistek,Consumer,United States,North Miami,33161,OFF-SU-10003936,Office Supplies,Supplies,Acme Serrated Blade Letter Opener
155.456,4,-7.7728,0.2,South,Florida,8955,CA-2015-156790,8/8/2015 0:00,8/10/2015 0:00,Second Class,VG-21790,Vivek Gonzalez,Consumer,United States,Jacksonville,32216,FUR-BO-10000468,Furniture,Bookcases,O'Sullivan 2-Shelf Heavy-Duty Bookcases
39.128,1,-8.8038,0.2,South,Tennessee,8969,CA-2015-166730,12/30/2015 0:00,1/1/2016 0:00,First Class,DD-13570,Dorothy Dickinson,Consumer,United States,Memphis,38109,OFF-ST-10002554,Office Supplies,Storage,Tennsco Industrial Shelving
91.36,5,29.692,0.2,South,Florida,8995,CA-2015-109043,8/15/2015 0:00,8/17/2015 0:00,First Class,CS-12355,Christine Sundaresam,Consumer,United States,Hollywood,33021,OFF-PA-10000312,Office Supplies,Paper,Xerox 1955
152.24,5,17.127,0.2,South,Florida,8996,CA-2015-109043,8/15/2015 0:00,8/17/2015 0:00,First Class,CS-12355,Christine Sundaresam,Consumer,United States,Hollywood,33021,OFF-AP-10004708,Office Supplies,Appliances,Fellowes Superior 10 Outlet Split Surge Protector
5.95,1,0.833,0,South,Georgia,9002,CA-2015-103807,12/2/2015 0:00,12/9/2015 0:00,Standard Class,EM-13825,Elizabeth Moffitt,Corporate,United States,Sandy Springs,30328,TEC-AC-10000199,Technology,Accessories,Kingston Digital DataTraveler 8GB USB 2.0
15.24,3,7.1628,0,South,Georgia,9003,CA-2015-103807,12/2/2015 0:00,12/9/2015 0:00,Standard Class,EM-13825,Elizabeth Moffitt,Corporate,United States,Sandy Springs,30328,OFF-PA-10002195,Office Supplies,Paper,"RSVP Cards & Envelopes, Blank White, 8-1/2"" X 11"", 24 Cards/25 Envelopes/Set"
99.98,2,7.9984,0,South,Virginia,9020,CA-2015-100706,12/16/2015 0:00,12/18/2015 0:00,Second Class,LE-16810,Laurel Elliston,Consumer,United States,Springfield,22153,TEC-AC-10001314,Technology,Accessories,Case Logic 2.4GHz Wireless Keyboard
29.46,6,9.7218,0,South,Virginia,9021,CA-2015-100706,12/16/2015 0:00,12/18/2015 0:00,Second Class,LE-16810,Laurel Elliston,Consumer,United States,Springfield,22153,FUR-FU-10002268,Furniture,Furnishings,Ultra Door Push Plate
1793.98,2,843.1706,0,South,Arkansas,9034,CA-2015-152268,9/2/2015 0:00,9/7/2015 0:00,Standard Class,SC-20095,Sanjit Chand,Consumer,United States,Fayetteville,72701,OFF-BI-10001359,Office Supplies,Binders,GBC DocuBind TL300 Electric Binding System
337.088,4,16.8544,0.2,South,Florida,9042,CA-2015-114335,9/28/2015 0:00,10/3/2015 0:00,Standard Class,XP-21865,Xylona Preis,Consumer,United States,Hollywood,33021,FUR-FU-10000277,Furniture,Furnishings,Deflect-o DuraMat Antistatic Studded Beveled Mat for Medium Pile Carpeting
828.84,6,0,0,South,Kentucky,9075,CA-2015-136336,4/21/2015 0:00,4/26/2015 0:00,Standard Class,DB-13555,Dorothy Badders,Corporate,United States,Henderson,42420,OFF-ST-10002574,Office Supplies,Storage,"SAFCO Commercial Wire Shelving, Black"
36.4,5,17.472,0,South,Virginia,9111,CA-2015-132010,10/13/2015 0:00,10/15/2015 0:00,First Class,MA-17995,Michelle Arnett,Home Office,United States,Richmond,23223,OFF-EN-10003160,Office Supplies,Envelopes,Pastel Pink Envelopes
22.96,2,4.3624,0,South,Virginia,9112,CA-2015-132010,10/13/2015 0:00,10/15/2015 0:00,First Class,MA-17995,Michelle Arnett,Home Office,United States,Richmond,23223,TEC-AC-10001542,Technology,Accessories,SanDisk Cruzer 16 GB USB Flash Drive
315.2,4,6.304,0,South,Virginia,9113,CA-2015-132010,10/13/2015 0:00,10/15/2015 0:00,First Class,MA-17995,Michelle Arnett,Home Office,United States,Richmond,23223,OFF-ST-10003641,Office Supplies,Storage,Space Solutions Industrial Galvanized Steel Shelving.
15.18,3,7.1346,0,South,Virginia,9114,CA-2015-132010,10/13/2015 0:00,10/15/2015 0:00,First Class,MA-17995,Michelle Arnett,Home Office,United States,Richmond,23223,OFF-BI-10002432,Office Supplies,Binders,Wilson Jones Standard D-Ring Binders
18.336,2,-12.224,0.7,South,Florida,9138,CA-2015-123400,2/2/2015 0:00,2/9/2015 0:00,Standard Class,EB-13930,Eric Barreto,Consumer,United States,Saint Petersburg,33710,OFF-BI-10000666,Office Supplies,Binders,Surelock Post Binders
180.96,5,13.572,0.2,South,Florida,9139,CA-2015-123400,2/2/2015 0:00,2/9/2015 0:00,Standard Class,EB-13930,Eric Barreto,Consumer,United States,Saint Petersburg,33710,TEC-PH-10002890,Technology,Phones,AT&T 17929 Lendline Telephone
45.528,3,15.9348,0.2,South,Florida,9380,CA-2015-154158,12/23/2015 0:00,12/27/2015 0:00,Second Class,CC-12670,Craig Carreira,Consumer,United States,Tampa,33614,OFF-PA-10001295,Office Supplies,Paper,Computer Printout Paper with Letter-Trim Perforations
64.784,1,6.4784,0.2,South,Florida,9381,CA-2015-154158,12/23/2015 0:00,12/27/2015 0:00,Second Class,CC-12670,Craig Carreira,Consumer,United States,Tampa,33614,FUR-CH-10004698,Furniture,Chairs,"Padded Folding Chairs, Black, 4/Carton"
424.272,2,-10.6068,0.2,South,Florida,9382,CA-2015-154158,12/23/2015 0:00,12/27/2015 0:00,Second Class,CC-12670,Craig Carreira,Consumer,United States,Tampa,33614,OFF-ST-10000078,Office Supplies,Storage,Tennsco 6- and 18-Compartment Lockers
1.344,1,0.504,0.2,South,Florida,9383,CA-2015-154158,12/23/2015 0:00,12/27/2015 0:00,Second Class,CC-12670,Craig Carreira,Consumer,United States,Tampa,33614,OFF-AR-10001868,Office Supplies,Art,Prang Dustless Chalk Sticks
83.92,5,-1.049,0.2,South,Florida,9384,CA-2015-154158,12/23/2015 0:00,12/27/2015 0:00,Second Class,CC-12670,Craig Carreira,Consumer,United States,Tampa,33614,OFF-ST-10004950,Office Supplies,Storage,Acco Perma 3000 Stacking Storage Drawers
10.368,2,3.6288,0.2,South,North Carolina,9418,CA-2015-148285,10/27/2015 0:00,11/1/2015 0:00,Standard Class,RD-19810,Ross DeVincentis,Home Office,United States,Fayetteville,28314,OFF-PA-10001166,Office Supplies,Paper,Xerox 2
11.952,3,4.0338,0.2,South,North Carolina,9419,CA-2015-148285,10/27/2015 0:00,11/1/2015 0:00,Standard Class,RD-19810,Ross DeVincentis,Home Office,United States,Fayetteville,28314,OFF-PA-10000349,Office Supplies,Paper,Easy-staple paper
91.056,6,31.8696,0.2,South,Florida,9515,CA-2015-100293,3/14/2015 0:00,3/18/2015 0:00,Standard Class,NF-18475,Neil Französisch,Home Office,United States,Jacksonville,32216,OFF-PA-10000176,Office Supplies,Paper,Xerox 1887
1125.488,7,98.4802,0.2,South,Florida,9566,CA-2015-130428,3/31/2015 0:00,3/31/2015 0:00,Same Day,TG-21640,Trudy Glocke,Consumer,United States,Tampa,33614,FUR-CH-10002965,Furniture,Chairs,"Global Leather Highback Executive Chair with Pneumatic Height Adjustment, Black"
12.645,5,-10.116,0.7,South,Florida,9567,CA-2015-130428,3/31/2015 0:00,3/31/2015 0:00,Same Day,TG-21640,Trudy Glocke,Consumer,United States,Tampa,33614,OFF-BI-10001636,Office Supplies,Binders,Ibico Plastic and Wire Spiral Binding Combs
4.032,2,1.0584,0.2,South,Florida,9568,CA-2015-130428,3/31/2015 0:00,3/31/2015 0:00,Same Day,TG-21640,Trudy Glocke,Consumer,United States,Tampa,33614,OFF-AR-10004027,Office Supplies,Art,"Binney & Smith inkTank Erasable Desk Highlighter, Chisel Tip, Yellow, 12/Box"
34.2,5,9.234,0,South,Virginia,9603,CA-2015-130155,5/19/2015 0:00,5/22/2015 0:00,First Class,TD-20995,Tamara Dahlen,Consumer,United States,Virginia Beach,23464,OFF-SU-10004737,Office Supplies,Supplies,Acme Design Stainless Steel Bent Scissors
500.24,13,145.0696,0,South,Virginia,9733,CA-2015-114321,8/20/2015 0:00,8/25/2015 0:00,Standard Class,NC-18535,Nick Crebassa,Corporate,United States,Hampton,23666,FUR-CH-10001797,Furniture,Chairs,"Safco Chair Connectors, 6/Carton"
20.12,2,9.2552,0,South,Virginia,9734,CA-2015-114321,8/20/2015 0:00,8/25/2015 0:00,Standard Class,NC-18535,Nick Crebassa,Corporate,United States,Hampton,23666,OFF-PA-10000246,Office Supplies,Paper,Riverleaf Stik-Withit Designer Note Cubes
896.99,1,421.5853,0,South,Virginia,9735,CA-2015-114321,8/20/2015 0:00,8/25/2015 0:00,Standard Class,NC-18535,Nick Crebassa,Corporate,United States,Hampton,23666,OFF-BI-10001359,Office Supplies,Binders,GBC DocuBind TL300 Electric Binding System
149.9,5,40.473,0,South,Virginia,9787,US-2015-114377,11/5/2015 0:00,11/5/2015 0:00,Same Day,BG-11035,Barry Gonzalez,Consumer,United States,Hampton,23666,FUR-CH-10004754,Furniture,Chairs,"Global Stack Chair with Arms, Black"
43.68,6,20.9664,0,South,Georgia,9857,CA-2015-120950,11/6/2015 0:00,11/11/2015 0:00,Standard Class,GA-14515,George Ashbrook,Consumer,United States,Columbus,31907,OFF-PA-10000587,Office Supplies,Paper,"Array Parchment Paper, Assorted Colors"
14.04,3,6.7392,0,South,Georgia,9882,CA-2015-153927,8/12/2015 0:00,8/13/2015 0:00,First Class,LL-16840,Lauren Leatherbury,Consumer,United States,Woodstock,30188,OFF-BI-10000138,Office Supplies,Binders,Acco Translucent Poly Ring Binders
272.61,13,98.1396,0,South,Georgia,9883,CA-2015-153927,8/12/2015 0:00,8/13/2015 0:00,First Class,LL-16840,Lauren Leatherbury,Consumer,United States,Woodstock,30188,TEC-AC-10000023,Technology,Accessories,"Maxell 74 Minute CD-R Spindle, 50/Pack"
115.36,7,56.5264,0,South,Kentucky,9912,US-2015-157231,4/5/2015 0:00,4/9/2015 0:00,Standard Class,RP-19855,Roy Phan,Corporate,United States,Richmond,40475,OFF-BI-10002852,Office Supplies,Binders,Ibico Standard Transparent Covers
25.248,3,4.1028,0.2,South,Florida,9990,CA-2015-110422,1/21/2015 0:00,1/23/2015 0:00,Second Class,TB-21400,Tom Boeckenhauer,Consumer,United States,Miami,33180,FUR-FU-10001889,Furniture,Furnishings,Ultra Door Pull Handle
