Sales,Quantity,Profit,Discount,Region,State,Row ID,Order ID,Order Date,Ship Date,Ship Mode,Customer ID,Customer Name,Segment,Country,City,Postal Code,Product ID,Category,Sub-Category,Product Name
15.552,3,5.4432,0.2,South,North Carolina,13,CA-2018-114412,4/15/2018 0:00,4/20/2018 0:00,Standard Class,AA-10480,Andrew Allen,Consumer,United States,Concord,28027,OFF-PA-10002365,Office Supplies,Paper,Xerox 1967
95.616,2,9.5616,0.2,South,Florida,44,CA-2018-139619,9/19/2018 0:00,9/23/2018 0:00,Standard Class,ES-14080,Erin Smith,Corporate,United States,Melbourne,32935,OFF-ST-10003282,Office Supplies,Storage,"Advantus 10-Drawer Portable Organizer, Chrome Metal Frame, Smoke Drawers"
301.96,2,33.2156,0,South,South Carolina,86,CA-2018-140088,5/28/2018 0:00,5/30/2018 0:00,Second Class,PO-18865,Patrick O'Donnell,Consumer,United States,Columbia,29203,FUR-CH-10000863,Furniture,Chairs,Novimex Swivel Fabric Task Chair
74.112,8,17.6016,0.2,South,North Carolina,107,CA-2018-119004,11/23/2018 0:00,11/28/2018 0:00,Standard Class,JM-15250,Janet Martin,Consumer,United States,Charlotte,28205,TEC-AC-10003499,Technology,Accessories,Memorex Mini Travel Drive 8 GB USB 2.0 Flash Drive
27.992,1,2.0994,0.2,South,North Carolina,108,CA-2018-119004,11/23/2018 0:00,11/28/2018 0:00,Standard Class,JM-15250,Janet Martin,Consumer,United States,Charlotte,28205,TEC-PH-10002844,Technology,Phones,Speck Products Candyshell Flip Case
3.304,1,1.0738,0.2,South,North Carolina,109,CA-2018-119004,11/23/2018 0:00,11/28/2018 0:00,Standard Class,JM-15250,Janet Martin,Consumer,United States,Charlotte,28205,OFF-AR-10000390,Office Supplies,Art,Newell Chalk Holder
35.168,7,9.6712,0.2,South,Tennessee,205,CA-2018-126382,6/3/2018 0:00,6/7/2018 0:00,Standard Class,HK-14890,Heather Kirkland,Corporate,United States,Franklin,37064,FUR-FU-10002960,Furniture,Furnishings,"Eldon 200 Class Desk Accessories, Burgundy"
233.86,2,-102.048,0.45,South,Florida,232,US-2018-100930,4/7/2018 0:00,4/12/2018 0:00,Standard Class,CS-12400,Christopher Schild,Home Office,United States,Tampa,33614,FUR-TA-10001705,Furniture,Tables,Bush Advantage Collection Round Conference Table
620.6145,3,-248.2458,0.45,South,Florida,233,US-2018-100930,4/7/2018 0:00,4/12/2018 0:00,Standard Class,CS-12400,Christopher Schild,Home Office,United States,Tampa,33614,FUR-TA-10003473,Furniture,Tables,Bretford Rectangular Conference Table Tops
5.328,2,-3.552,0.7,South,Florida,234,US-2018-100930,4/7/2018 0:00,4/12/2018 0:00,Standard Class,CS-12400,Christopher Schild,Home Office,United States,Tampa,33614,OFF-BI-10001679,Office Supplies,Binders,GBC Instant Index System for Binding Systems
258.072,3,0,0.2,South,Florida,235,US-2018-100930,4/7/2018 0:00,4/12/2018 0:00,Standard Class,CS-12400,Christopher Schild,Home Office,United States,Tampa,33614,FUR-FU-10004017,Furniture,Furnishings,"Tenex Contemporary Contur Chairmats for Low and Medium Pile Carpet, Computer, 39"" x 49"""
617.976,3,-7.7247,0.2,South,Florida,236,US-2018-100930,4/7/2018 0:00,4/12/2018 0:00,Standard Class,CS-12400,Christopher Schild,Home Office,United States,Tampa,33614,TEC-AC-10003832,Technology,Accessories,Logitech P710e Mobile Speakerphone
14.016,3,4.7304,0.2,South,North Carolina,267,CA-2018-136826,6/16/2018 0:00,6/20/2018 0:00,Standard Class,CB-12535,Claudia Bergmann,Corporate,United States,Chapel Hill,27514,OFF-AR-10003602,Office Supplies,Art,"Quartet Omega Colored Chalk, 12/Pack"
4.89,1,2.0049,0,South,Virginia,309,CA-2018-126774,4/15/2018 0:00,4/17/2018 0:00,First Class,SH-20395,Shahid Hopkins,Consumer,United States,Arlington,22204,OFF-AR-10002804,Office Supplies,Art,Faber Castell Col-Erase Pencils
15.992,1,0.9995,0.2,South,Tennessee,326,CA-2018-153339,11/3/2018 0:00,11/5/2018 0:00,Second Class,DJ-13510,Don Jones,Corporate,United States,Murfreesboro,37130,FUR-FU-10001967,Furniture,Furnishings,Telescoping Adjustable Floor Lamp
647.84,8,168.4384,0,South,Georgia,360,CA-2018-155698,3/8/2018 0:00,3/11/2018 0:00,First Class,VB-21745,Victoria Brennan,Corporate,United States,Columbus,31907,OFF-AP-10001124,Office Supplies,Appliances,Belkin 8 Outlet SurgeMaster II Gold Surge Protector with Phone Protection
20.7,2,9.936,0,South,Georgia,361,CA-2018-155698,3/8/2018 0:00,3/11/2018 0:00,First Class,VB-21745,Victoria Brennan,Corporate,United States,Columbus,31907,OFF-LA-10001158,Office Supplies,Labels,"Avery Address/Shipping Labels for Typewriters, 4"" x 2"""
5.78,1,2.8322,0,South,Kentucky,419,CA-2018-154816,11/6/2018 0:00,11/10/2018 0:00,Standard Class,VB-21745,Victoria Brennan,Corporate,United States,Richmond,40475,OFF-PA-10003845,Office Supplies,Paper,Xerox 1987
866.4,4,225.264,0,South,Mississippi,425,CA-2018-155705,8/21/2018 0:00,8/23/2018 0:00,Second Class,NF-18385,Natalie Fritzler,Consumer,United States,Jackson,39212,FUR-CH-10000015,Furniture,Chairs,Hon Multipurpose Stacking Arm Chairs
683.952,3,42.747,0.2,South,Florida,527,CA-2018-113558,10/21/2018 0:00,10/26/2018 0:00,Standard Class,PH-18790,Patricia Hirasaki,Home Office,United States,Lakeland,33801,FUR-CH-10003379,Furniture,Chairs,Global Commerce Series High-Back Swivel/Tilt Chairs
45.696,3,5.1408,0.2,South,Florida,528,CA-2018-113558,10/21/2018 0:00,10/26/2018 0:00,Standard Class,PH-18790,Patricia Hirasaki,Home Office,United States,Lakeland,33801,FUR-FU-10001756,Furniture,Furnishings,"Eldon Expressions Desk Accessory, Wood Photo Frame, Mahogany"
34.504,1,6.0382,0.2,South,Florida,553,CA-2018-112774,9/11/2018 0:00,9/12/2018 0:00,First Class,RC-19960,Ryan Crowe,Consumer,United States,Jacksonville,32216,FUR-FU-10003039,Furniture,Furnishings,"Howard Miller 11-1/2"" Diameter Grantwood Wall Clock"
17.88,3,2.4585,0.2,South,Florida,634,CA-2018-144694,9/24/2018 0:00,9/26/2018 0:00,Second Class,BD-11605,Brian Dahlen,Consumer,United States,Miami,33180,TEC-AC-10002857,Technology,Accessories,"Verbatim 25 GB 6x Blu-ray Single Layer Recordable Disc, 1/Pack"
235.944,3,85.5297,0.2,South,Florida,635,CA-2018-144694,9/24/2018 0:00,9/26/2018 0:00,Second Class,BD-11605,Brian Dahlen,Consumer,United States,Miami,33180,OFF-LA-10003930,Office Supplies,Labels,"Dot Matrix Printer Tape Reel Labels, White, 5000/Box"
7999.98,4,-3839.9904,0.5,South,North Carolina,684,US-2018-168116,11/4/2018 0:00,11/4/2018 0:00,Same Day,GT-14635,Grant Thornton,Corporate,United States,Burlington,27217,TEC-MA-10004125,Technology,Machines,Cubify CubeX 3D Printer Triple Head Print
167.44,2,14.651,0.2,South,North Carolina,685,US-2018-168116,11/4/2018 0:00,11/4/2018 0:00,Same Day,GT-14635,Grant Thornton,Corporate,United States,Burlington,27217,OFF-AP-10002457,Office Supplies,Appliances,"Eureka The Boss Plus 12-Amp Hard Box Upright Vacuum, Red"
24.448,4,8.8624,0.2,South,Florida,712,CA-2018-146136,9/3/2018 0:00,9/7/2018 0:00,Standard Class,AP-10915,Arthur Prichep,Consumer,United States,Palm Coast,32137,OFF-EN-10001219,Office Supplies,Envelopes,"#10- 4 1/8"" x 9 1/2"" Security-Tint Envelopes"
12.39,3,5.6994,0,South,Georgia,762,CA-2018-126046,11/3/2018 0:00,11/7/2018 0:00,Standard Class,JC-16105,Julie Creighton,Corporate,United States,Atlanta,30318,OFF-LA-10004484,Office Supplies,Labels,Avery 476
301.96,2,90.588,0,South,Kentucky,830,CA-2018-129462,6/16/2018 0:00,6/21/2018 0:00,Second Class,JE-15745,Joel Eaton,Consumer,United States,Florence,41042,FUR-CH-10000665,Furniture,Chairs,"Global Airflow Leather Mesh Back Chair, Black"
180.66,3,50.5848,0,South,Kentucky,831,CA-2018-129462,6/16/2018 0:00,6/21/2018 0:00,Second Class,JE-15745,Joel Eaton,Consumer,United States,Florence,41042,OFF-AP-10003884,Office Supplies,Appliances,"Fellowes Smart Surge Ten-Outlet Protector, Platinum"
191.98,2,51.8346,0,South,Kentucky,832,CA-2018-129462,6/16/2018 0:00,6/21/2018 0:00,Second Class,JE-15745,Joel Eaton,Consumer,United States,Florence,41042,TEC-PH-10001557,Technology,Phones,Pyle PMP37LED
65.99,1,17.1574,0,South,Kentucky,833,CA-2018-129462,6/16/2018 0:00,6/21/2018 0:00,Second Class,JE-15745,Joel Eaton,Consumer,United States,Florence,41042,TEC-PH-10002085,Technology,Phones,Clarity 53712
9.664,2,3.2616,0.2,South,Tennessee,838,US-2018-156083,11/4/2018 0:00,11/11/2018 0:00,Standard Class,JL-15175,James Lanier,Home Office,United States,Columbia,38401,OFF-PA-10001560,Office Supplies,Paper,"Adams Telephone Message Books, 5 1/4"" x 11"""
192.16,5,67.256,0.2,South,North Carolina,875,CA-2018-114636,8/25/2018 0:00,8/29/2018 0:00,Standard Class,GA-14725,Guy Armstrong,Consumer,United States,Charlotte,28205,OFF-PA-10001790,Office Supplies,Paper,Xerox 1910
173.8,5,43.45,0,South,Mississippi,956,CA-2018-119305,11/30/2018 0:00,12/4/2018 0:00,Standard Class,SW-20275,Scott Williamson,Consumer,United States,Jackson,39212,OFF-ST-10000604,Office Supplies,Storage,Home/Office Personal File Carts
23.968,7,2.6964,0.2,South,North Carolina,1039,CA-2018-121818,11/20/2018 0:00,11/21/2018 0:00,First Class,JH-15430,Jennifer Halladay,Consumer,United States,Burlington,27217,OFF-AR-10000203,Office Supplies,Art,Newell 336
28.728,3,1.7955,0.2,South,North Carolina,1040,CA-2018-121818,11/20/2018 0:00,11/21/2018 0:00,First Class,JH-15430,Jennifer Halladay,Consumer,United States,Burlington,27217,OFF-AR-10004790,Office Supplies,Art,Staples in misc. colors
31.984,2,1.999,0.2,South,North Carolina,1090,CA-2018-158407,6/4/2018 0:00,6/10/2018 0:00,Standard Class,LW-16990,Lindsay Williams,Corporate,United States,Monroe,28110,FUR-FU-10001967,Furniture,Furnishings,Telescoping Adjustable Floor Lamp
71.984,2,25.1944,0.2,South,North Carolina,1091,CA-2018-158407,6/4/2018 0:00,6/10/2018 0:00,Standard Class,LW-16990,Lindsay Williams,Corporate,United States,Monroe,28110,TEC-PH-10001819,Technology,Phones,Innergie mMini Combo Duo USB Travel Charging Kit
348.208,7,30.4682,0.2,South,North Carolina,1096,CA-2018-160423,1/21/2018 0:00,1/26/2018 0:00,Standard Class,PS-19045,Penelope Sewall,Home Office,United States,Charlotte,28205,OFF-ST-10004340,Office Supplies,Storage,"Fellowes Mobile File Cart, Black"
35.784,7,-28.6272,0.7,South,North Carolina,1097,CA-2018-160423,1/21/2018 0:00,1/26/2018 0:00,Standard Class,PS-19045,Penelope Sewall,Home Office,United States,Charlotte,28205,OFF-BI-10004001,Office Supplies,Binders,GBC Recycled VeloBinder Covers
21.744,1,7.3386,0.2,South,North Carolina,1183,CA-2018-138779,1/14/2018 0:00,1/15/2018 0:00,First Class,RB-19570,Rob Beeghly,Consumer,United States,Jacksonville,28540,OFF-EN-10002504,Office Supplies,Envelopes,"Tyvek  Top-Opening Peel & Seel Envelopes, Plain White"
7.92,5,0.693,0.2,South,North Carolina,1184,CA-2018-138779,1/14/2018 0:00,1/15/2018 0:00,First Class,RB-19570,Rob Beeghly,Consumer,United States,Jacksonville,28540,TEC-PH-10003655,Technology,Phones,Sannysis Cute Owl Design Soft Skin Case Cover for Samsung Galaxy S4
271.96,5,16.9975,0.2,South,North Carolina,1206,CA-2018-133235,8/1/2018 0:00,8/4/2018 0:00,First Class,LH-16750,Larry Hughes,Consumer,United States,Charlotte,28205,TEC-PH-10002660,Technology,Phones,Nortel Networks T7316 E Nt8 B27
48.69,9,23.8581,0,South,Mississippi,1245,CA-2018-133641,5/14/2018 0:00,5/21/2018 0:00,Standard Class,EJ-14155,Eva Jacobs,Consumer,United States,Gulfport,39503,OFF-EN-10004955,Office Supplies,Envelopes,Fashion Color Clasp Envelopes
863.88,3,107.985,0.2,South,Florida,1261,CA-2018-117079,10/23/2018 0:00,10/27/2018 0:00,Standard Class,JR-15700,Jocasta Rupert,Consumer,United States,Jacksonville,32216,TEC-PH-10004586,Technology,Phones,Wilson SignalBoost 841262 DB PRO Amplifier Kit
12.48,2,5.616,0,South,Alabama,1270,CA-2018-100426,6/4/2018 0:00,6/8/2018 0:00,Standard Class,DC-12850,Dan Campbell,Consumer,United States,Florence,35630,OFF-PA-10002870,Office Supplies,Paper,"Ampad Phone Message Book, Recycled, 400 Message Capacity, 5 ¾"" x 11"""
15.12,3,4.914,0.2,South,Florida,1282,CA-2018-122154,4/9/2018 0:00,4/11/2018 0:00,First Class,SA-20830,Sue Ann Reed,Consumer,United States,Jacksonville,32216,OFF-LA-10000121,Office Supplies,Labels,Avery 48
17.43,1,-13.363,0.7,South,Florida,1283,CA-2018-122154,4/9/2018 0:00,4/11/2018 0:00,First Class,SA-20830,Sue Ann Reed,Consumer,United States,Jacksonville,32216,OFF-BI-10002026,Office Supplies,Binders,Avery Arch Ring Binders
251.64,3,88.074,0.2,South,Florida,1284,CA-2018-122154,4/9/2018 0:00,4/11/2018 0:00,First Class,SA-20830,Sue Ann Reed,Consumer,United States,Jacksonville,32216,OFF-PA-10000994,Office Supplies,Paper,Xerox 1915
23.99,1,5.5177,0,South,Georgia,1304,US-2018-126179,7/3/2018 0:00,7/7/2018 0:00,Standard Class,CS-12460,Chuck Sachs,Consumer,United States,Columbus,31907,FUR-FU-10002554,Furniture,Furnishings,"Westinghouse Floor Lamp with Metal Mesh Shade, Black"
287.97,3,77.7519,0,South,Georgia,1305,US-2018-126179,7/3/2018 0:00,7/7/2018 0:00,Standard Class,CS-12460,Chuck Sachs,Consumer,United States,Columbus,31907,TEC-PH-10001557,Technology,Phones,Pyle PMP37LED
72.8,5,19.656,0,South,Kentucky,1323,CA-2018-121804,3/3/2018 0:00,3/8/2018 0:00,Standard Class,LP-17095,Liz Preis,Consumer,United States,Murray,42071,OFF-AP-10004859,Office Supplies,Appliances,Acco 6 Outlet Guardian Premium Surge Suppressor
10.816,4,3.5152,0.2,South,North Carolina,1324,CA-2018-162635,10/9/2018 0:00,10/10/2018 0:00,First Class,EB-14170,Evan Bailliet,Consumer,United States,Wilmington,28403,OFF-PA-10002659,Office Supplies,Paper,Avoid Verbal Orders Carbonless Minifold Book
695.7,2,-27.828,0.5,South,North Carolina,1341,CA-2018-113481,1/2/2018 0:00,1/4/2018 0:00,First Class,AS-10045,Aaron Smayling,Corporate,United States,Jacksonville,28540,TEC-MA-10002178,Technology,Machines,Cisco CP-7937G Unified IP Conference Station Phone
15.66,5,-12.528,0.7,South,North Carolina,1342,CA-2018-113481,1/2/2018 0:00,1/4/2018 0:00,First Class,AS-10045,Aaron Smayling,Corporate,United States,Jacksonville,28540,OFF-BI-10003694,Office Supplies,Binders,"Avery 3 1/2"" Diskette Storage Pages, 10/Pack"
28.854,6,-21.1596,0.7,South,North Carolina,1343,CA-2018-113481,1/2/2018 0:00,1/4/2018 0:00,First Class,AS-10045,Aaron Smayling,Corporate,United States,Jacksonville,28540,OFF-BI-10000474,Office Supplies,Binders,Avery Recycled Flexi-View Covers for Binding Systems
9.552,3,1.5522,0.2,South,North Carolina,1394,CA-2018-124828,7/3/2018 0:00,7/4/2018 0:00,First Class,YS-21880,Yana Sorensen,Corporate,United States,Burlington,27217,OFF-AR-10003514,Office Supplies,Art,4009 Highlighters by Sanford
13.76,2,6.3296,0,South,Kentucky,1443,CA-2018-117695,8/5/2018 0:00,8/8/2018 0:00,First Class,PW-19030,Pauline Webber,Corporate,United States,Richmond,40475,OFF-PA-10002713,Office Supplies,Paper,"Adams Phone Message Book, 200 Message Capacity, 8 1/16"" x 11"""
91.2,3,41.952,0,South,Georgia,1456,CA-2018-148474,6/12/2018 0:00,6/19/2018 0:00,Standard Class,ME-17320,Maria Etezadi,Home Office,United States,Columbus,31907,OFF-BI-10000977,Office Supplies,Binders,Ibico Plastic Spiral Binding Combs
452.94,3,67.941,0,South,Georgia,1457,CA-2018-148474,6/12/2018 0:00,6/19/2018 0:00,Standard Class,ME-17320,Maria Etezadi,Home Office,United States,Columbus,31907,FUR-TA-10002530,Furniture,Tables,"Iceberg OfficeWorks 42"" Round Tables"
9.728,2,1.7024,0.2,South,Tennessee,1483,CA-2018-101210,8/25/2018 0:00,8/28/2018 0:00,Second Class,DW-13540,Don Weiss,Consumer,United States,Jackson,38301,OFF-AR-10003560,Office Supplies,Art,Zebra Zazzle Fluorescent Highlighters
3.424,1,1.07,0.2,South,Tennessee,1484,CA-2018-101210,8/25/2018 0:00,8/28/2018 0:00,Second Class,DW-13540,Don Weiss,Consumer,United States,Jackson,38301,OFF-PA-10000130,Office Supplies,Paper,Xerox 199
124.75,5,57.385,0,South,Kentucky,1554,CA-2018-158386,10/16/2018 0:00,10/21/2018 0:00,Standard Class,BO-11425,Bobby Odegard,Consumer,United States,Richmond,40475,OFF-BI-10003719,Office Supplies,Binders,Large Capacity Hanging Post Binders
12.84,3,3.7236,0,South,Georgia,1570,CA-2018-165029,11/26/2018 0:00,11/30/2018 0:00,Standard Class,AH-10075,Adam Hart,Corporate,United States,Atlanta,30318,OFF-AR-10003504,Office Supplies,Art,Newell 347
34.848,2,6.534,0.2,South,North Carolina,1735,CA-2018-101483,7/29/2018 0:00,8/1/2018 0:00,Second Class,AG-10675,Anna Gayman,Consumer,United States,Jacksonville,28540,OFF-AP-10002082,Office Supplies,Appliances,Holmes HEPA Air Purifier
22,5,1.375,0.2,South,North Carolina,1736,CA-2018-101483,7/29/2018 0:00,8/1/2018 0:00,Second Class,AG-10675,Anna Gayman,Consumer,United States,Jacksonville,28540,TEC-PH-10003442,Technology,Phones,Samsung Replacement EH64AVFWE Premium Headset
4.368,3,0.3822,0.2,South,North Carolina,1737,CA-2018-101483,7/29/2018 0:00,8/1/2018 0:00,Second Class,AG-10675,Anna Gayman,Consumer,United States,Jacksonville,28540,OFF-AR-10002833,Office Supplies,Art,Newell 322
1245.86,7,361.2994,0,South,Georgia,1837,CA-2018-122693,2/19/2018 0:00,2/21/2018 0:00,Second Class,NH-18610,Nicole Hansen,Corporate,United States,Roswell,30076,OFF-AP-10002518,Office Supplies,Appliances,Kensington 7 Outlet MasterPiece Power Center
68.742,9,-48.1194,0.7,South,Florida,1880,US-2018-166611,3/28/2018 0:00,4/2/2018 0:00,Standard Class,CK-12760,Cyma Kinney,Corporate,United States,Jacksonville,32216,OFF-BI-10001191,Office Supplies,Binders,Canvas Sectional Post Binders
7.824,1,2.934,0.2,South,Florida,1893,CA-2018-145310,12/22/2018 0:00,12/24/2018 0:00,Second Class,JP-15520,Jeremy Pistek,Consumer,United States,Port Orange,32127,OFF-EN-10002621,Office Supplies,Envelopes,Staple envelope
34.65,3,10.395,0,South,Virginia,1895,US-2018-108063,12/2/2018 0:00,12/5/2018 0:00,First Class,AS-10090,Adam Shillingsburg,Consumer,United States,Charlottesville,22901,OFF-AR-10001446,Office Supplies,Art,Newell 309
4.608,2,1.6704,0.2,South,Florida,1915,CA-2018-124597,4/30/2018 0:00,5/5/2018 0:00,Standard Class,AS-10630,Ann Steele,Home Office,United States,Boynton Beach,33437,OFF-LA-10003190,Office Supplies,Labels,Avery 474
15.528,3,4.8525,0.2,South,Florida,1916,CA-2018-124597,4/30/2018 0:00,5/5/2018 0:00,Standard Class,AS-10630,Ann Steele,Home Office,United States,Boynton Beach,33437,OFF-AR-10002280,Office Supplies,Art,Staples in misc. colors
11.952,3,3.8844,0.2,South,Florida,1917,CA-2018-124597,4/30/2018 0:00,5/5/2018 0:00,Standard Class,AS-10630,Ann Steele,Home Office,United States,Boynton Beach,33437,OFF-LA-10001569,Office Supplies,Labels,Avery 499
145.74,3,23.3184,0,South,Louisiana,1933,CA-2018-161200,8/6/2018 0:00,8/10/2018 0:00,Second Class,SV-20365,Seth Vernon,Consumer,United States,Lafayette,70506,FUR-BO-10000468,Furniture,Bookcases,O'Sullivan 2-Shelf Heavy-Duty Bookcases
15.4,5,7.392,0,South,Louisiana,1934,CA-2018-161200,8/6/2018 0:00,8/10/2018 0:00,Second Class,SV-20365,Seth Vernon,Consumer,United States,Lafayette,70506,FUR-FU-10001706,Furniture,Furnishings,Longer-Life Soft White Bulbs
95.94,3,9.594,0,South,Kentucky,2003,CA-2018-163510,12/25/2018 0:00,12/28/2018 0:00,Second Class,JW-15955,Joni Wasserman,Consumer,United States,Louisville,40214,OFF-ST-10000563,Office Supplies,Storage,Fellowes Bankers Box Stor/Drawer Steel Plus
304.45,5,76.1125,0,South,Kentucky,2004,CA-2018-163510,12/25/2018 0:00,12/28/2018 0:00,Second Class,JW-15955,Joni Wasserman,Consumer,United States,Louisville,40214,FUR-CH-10001146,Furniture,Chairs,"Global Value Mid-Back Manager's Chair, Gray"
2.808,3,-1.9656,0.7,South,Florida,2121,US-2018-168690,1/7/2018 0:00,1/13/2018 0:00,Standard Class,TS-21085,Thais Sissman,Consumer,United States,Ormond Beach,32174,OFF-BI-10000145,Office Supplies,Binders,Zipper Ring Binder Pockets
17.856,4,2.0088,0.2,South,Florida,2159,CA-2018-148166,10/21/2018 0:00,10/26/2018 0:00,Standard Class,NK-18490,Neil Knudson,Home Office,United States,Deltona,32725,OFF-AR-10004956,Office Supplies,Art,Newell 33
359.97,3,79.1934,0,South,Virginia,2263,CA-2018-122994,2/6/2018 0:00,2/9/2018 0:00,First Class,MV-17485,Mark Van Huff,Consumer,United States,Arlington,22204,FUR-BO-10004015,Furniture,Bookcases,"Bush Andora Bookcase, Maple/Graphite Gray Finish"
7.968,2,2.6892,0.2,South,North Carolina,2267,CA-2018-149146,10/12/2018 0:00,10/12/2018 0:00,Same Day,SM-20320,Sean Miller,Home Office,United States,Monroe,28110,OFF-PA-10003919,Office Supplies,Paper,Xerox 1989
47.96,5,4.1965,0.2,South,Florida,2271,CA-2018-164917,12/2/2018 0:00,12/7/2018 0:00,Standard Class,MK-17905,Michael Kennedy,Corporate,United States,Miami,33180,OFF-AR-10004344,Office Supplies,Art,Bulldog Vacuum Base Pencil Sharpener
35.04,2,12.264,0,South,Virginia,2287,CA-2018-165687,11/17/2018 0:00,11/23/2018 0:00,Standard Class,CS-12355,Christine Sundaresam,Consumer,United States,Salem,24153,OFF-AP-10004036,Office Supplies,Appliances,Bionaire 99.97% HEPA Air Cleaner
723.92,4,188.2192,0,South,Georgia,2304,CA-2018-157931,9/17/2018 0:00,9/22/2018 0:00,Second Class,MO-17800,Meg O'Connel,Home Office,United States,Roswell,30076,FUR-CH-10000785,Furniture,Chairs,Global Ergonomic Managers Chair
106.32,3,49.9704,0,South,Georgia,2305,CA-2018-157931,9/17/2018 0:00,9/22/2018 0:00,Second Class,MO-17800,Meg O'Connel,Home Office,United States,Roswell,30076,OFF-PA-10000474,Office Supplies,Paper,Easy-staple paper
5.67,3,0.1134,0,South,Georgia,2376,CA-2018-119669,1/24/2018 0:00,1/30/2018 0:00,Standard Class,TP-21130,Theone Pippenger,Consumer,United States,Smyrna,30080,OFF-FA-10000053,Office Supplies,Fasteners,Revere Boxed Rubber Bands by Revere
628.81,7,12.5762,0,South,South Carolina,2400,CA-2018-147361,9/9/2018 0:00,9/15/2018 0:00,Standard Class,SB-20290,Sean Braxton,Corporate,United States,Florence,29501,OFF-ST-10001809,Office Supplies,Storage,Fellowes Officeware Wire Shelving
56.45,5,14.677,0,South,South Carolina,2401,CA-2018-147361,9/9/2018 0:00,9/15/2018 0:00,Standard Class,SB-20290,Sean Braxton,Corporate,United States,Florence,29501,OFF-ST-10002214,Office Supplies,Storage,X-Rack File for Hanging Folders
7.904,2,2.1736,0.2,South,Florida,2440,CA-2018-139948,7/17/2018 0:00,7/22/2018 0:00,Standard Class,SW-20455,Shaun Weien,Consumer,United States,Tampa,33614,FUR-FU-10002597,Furniture,Furnishings,"C-Line Magnetic Cubicle Keepers, Clear Polypropylene"
9.11,1,4.0995,0,South,Virginia,2467,CA-2018-128755,5/4/2018 0:00,5/8/2018 0:00,Standard Class,MK-18160,Mike Kennedy,Consumer,United States,Newport News,23602,OFF-PA-10000726,Office Supplies,Paper,"Black Print Carbonless Snap-Off Rapid Letter, 8 1/2"" x 7"""
571.44,4,165.7176,0,South,Virginia,2468,CA-2018-128755,5/4/2018 0:00,5/8/2018 0:00,Standard Class,MK-18160,Mike Kennedy,Consumer,United States,Newport News,23602,OFF-ST-10003306,Office Supplies,Storage,Letter Size Cart
32.4,5,15.552,0,South,Virginia,2469,CA-2018-128755,5/4/2018 0:00,5/8/2018 0:00,Standard Class,MK-18160,Mike Kennedy,Consumer,United States,Newport News,23602,OFF-PA-10004983,Office Supplies,Paper,Xerox 23
16.91,1,4.5657,0,South,Virginia,2470,CA-2018-128755,5/4/2018 0:00,5/8/2018 0:00,Standard Class,MK-18160,Mike Kennedy,Consumer,United States,Newport News,23602,OFF-ST-10001291,Office Supplies,Storage,"Tenex Personal Self-Stacking Standard File Box, Black/Gray"
37.608,3,12.6927,0.2,South,Florida,2500,US-2018-133781,6/22/2018 0:00,6/23/2018 0:00,First Class,DC-12850,Dan Campbell,Consumer,United States,Miami,33178,OFF-EN-10004483,Office Supplies,Envelopes,"#10 White Business Envelopes,4 1/8 x 9 1/2"
45.66,5,-33.484,0.7,South,Florida,2513,CA-2018-155089,12/2/2018 0:00,12/6/2018 0:00,Standard Class,DB-12910,Daniel Byrd,Home Office,United States,Tampa,33614,OFF-BI-10002429,Office Supplies,Binders,"Premier Elliptical Ring Binder, Black"
821.88,6,213.6888,0,South,Kentucky,2552,CA-2018-101042,11/19/2018 0:00,11/23/2018 0:00,Standard Class,AB-10105,Adrian Barton,Consumer,United States,Henderson,42420,FUR-FU-10004665,Furniture,Furnishings,"3M Polarizing Task Lamp with Clamp Arm, Light Gray"
21.96,2,10.7604,0,South,Kentucky,2553,CA-2018-101042,11/19/2018 0:00,11/23/2018 0:00,Standard Class,AB-10105,Adrian Barton,Consumer,United States,Henderson,42420,OFF-BI-10000088,Office Supplies,Binders,GBC Imprintable Covers
71,4,27.69,0,South,Kentucky,2566,CA-2018-109589,12/21/2018 0:00,12/24/2018 0:00,First Class,BD-11635,Brian Derr,Consumer,United States,Bowling Green,42104,TEC-AC-10003116,Technology,Accessories,Memorex Froggy Flash Drive 8 GB
79.1,2,39.55,0,South,South Carolina,2593,CA-2018-128300,11/24/2018 0:00,11/26/2018 0:00,Second Class,RS-19765,Roland Schwarz,Corporate,United States,Summerville,29483,TEC-PH-10002807,Technology,Phones,Motorla HX550 Universal Bluetooth Headset
327.84,8,157.3632,0,South,South Carolina,2594,CA-2018-128300,11/24/2018 0:00,11/26/2018 0:00,Second Class,RS-19765,Roland Schwarz,Corporate,United States,Summerville,29483,OFF-BI-10001597,Office Supplies,Binders,"Wilson Jones Ledger-Size, Piano-Hinge Binder, 2"", Blue"
8.76,5,0.7665,0.2,South,North Carolina,2676,CA-2018-132185,11/27/2018 0:00,12/2/2018 0:00,Standard Class,DB-13615,Doug Bickford,Consumer,United States,Asheville,28806,OFF-AR-10000422,Office Supplies,Art,Pencil and Crayon Sharpener
43.584,1,4.3584,0.2,South,North Carolina,2677,CA-2018-132185,11/27/2018 0:00,12/2/2018 0:00,Standard Class,DB-13615,Doug Bickford,Consumer,United States,Asheville,28806,OFF-AP-10001205,Office Supplies,Appliances,Belkin 5 Outlet SurgeMaster Power Centers
71.98,2,15.1158,0,South,Georgia,2717,CA-2018-128475,8/26/2018 0:00,9/1/2018 0:00,Standard Class,SC-20680,Steve Carroll,Home Office,United States,Columbus,31907,TEC-AC-10000158,Technology,Accessories,Sony 64GB Class 10 Micro SDHC R40 Memory Card
477.24,4,9.5448,0,South,Alabama,2740,CA-2018-122707,4/16/2018 0:00,4/18/2018 0:00,First Class,EB-13750,Edward Becker,Corporate,United States,Hoover,35244,OFF-SU-10000157,Office Supplies,Supplies,Compact Automatic Electric Letter Opener
25.98,2,1.5588,0,South,Alabama,2741,CA-2018-122707,4/16/2018 0:00,4/18/2018 0:00,First Class,EB-13750,Edward Becker,Corporate,United States,Hoover,35244,TEC-AC-10004227,Technology,Accessories,SanDisk Ultra 16 GB MicroSDHC Class 10 Memory Card
79.992,1,21.9978,0.2,South,North Carolina,2746,CA-2018-163321,8/7/2018 0:00,8/11/2018 0:00,Second Class,FM-14380,Fred McMath,Consumer,United States,Jacksonville,28540,TEC-AC-10004571,Technology,Accessories,Logitech G700s Rechargeable Gaming Mouse
19.104,3,5.7312,0.2,South,Florida,2773,CA-2018-158967,12/10/2018 0:00,12/12/2018 0:00,First Class,BT-11680,Brian Thompson,Consumer,United States,Fort Lauderdale,33311,FUR-FU-10001940,Furniture,Furnishings,Staple-based wall hangings
23.68,8,6.216,0.2,South,Florida,2779,CA-2018-108322,4/30/2018 0:00,5/5/2018 0:00,Standard Class,SS-20140,Saphhira Shifley,Corporate,United States,Pompano Beach,33068,FUR-FU-10001935,Furniture,Furnishings,3M Hangers With Command Adhesive
2.376,3,0.7425,0.2,South,Florida,2780,CA-2018-108322,4/30/2018 0:00,5/5/2018 0:00,Standard Class,SS-20140,Saphhira Shifley,Corporate,United States,Pompano Beach,33068,TEC-AC-10003433,Technology,Accessories,Maxell 4.7GB DVD+R 5/Pack
13.36,4,4.1416,0,South,Arkansas,2798,CA-2018-158743,10/20/2018 0:00,10/27/2018 0:00,Standard Class,IG-15085,Ivan Gibson,Consumer,United States,Little Rock,72209,OFF-AR-10002257,Office Supplies,Art,"Eldon Spacemaker Box, Quick-Snap Lid, Clear"
39.96,2,18.7812,0,South,Arkansas,2799,CA-2018-158743,10/20/2018 0:00,10/27/2018 0:00,Standard Class,IG-15085,Ivan Gibson,Consumer,United States,Little Rock,72209,OFF-PA-10001019,Office Supplies,Paper,Xerox 1884
145.85,5,70.008,0,South,Arkansas,2800,CA-2018-158743,10/20/2018 0:00,10/27/2018 0:00,Standard Class,IG-15085,Ivan Gibson,Consumer,United States,Little Rock,72209,OFF-BI-10003364,Office Supplies,Binders,Binding Machine Supplies
15.47,7,4.1769,0,South,Alabama,2834,CA-2018-134649,1/26/2018 0:00,1/31/2018 0:00,Second Class,CA-11965,Carol Adams,Corporate,United States,Hoover,35244,OFF-AR-10001547,Office Supplies,Art,Newell 311
7.16,2,3.4368,0,South,Alabama,2835,CA-2018-134649,1/26/2018 0:00,1/31/2018 0:00,Second Class,CA-11965,Carol Adams,Corporate,United States,Hoover,35244,OFF-BI-10001890,Office Supplies,Binders,Avery Poly Binder Pockets
229.544,7,83.2097,0.2,South,North Carolina,2842,US-2018-135062,8/31/2018 0:00,9/4/2018 0:00,Second Class,RL-19615,Rob Lucas,Consumer,United States,Fayetteville,28314,OFF-PA-10000100,Office Supplies,Paper,Xerox 1945
56.28,6,15.7584,0,South,Georgia,2848,CA-2018-157854,4/8/2018 0:00,4/15/2018 0:00,Standard Class,DM-13345,Denise Monton,Corporate,United States,Roswell,30076,FUR-FU-10003832,Furniture,Furnishings,"Eldon Expressions Punched Metal & Wood Desk Accessories, Black & Cherry"
2690.97,3,1264.7559,0,South,Georgia,2849,CA-2018-157854,4/8/2018 0:00,4/15/2018 0:00,Standard Class,DM-13345,Denise Monton,Corporate,United States,Roswell,30076,OFF-BI-10001359,Office Supplies,Binders,GBC DocuBind TL300 Electric Binding System
67.8,4,4.068,0,South,Georgia,2859,CA-2018-138975,5/19/2018 0:00,5/23/2018 0:00,Standard Class,SC-20380,Shahid Collister,Consumer,United States,Atlanta,30318,TEC-AC-10003441,Technology,Accessories,Kingston Digital DataTraveler 32GB USB 2.0
377.97,3,98.2722,0,South,Georgia,2860,CA-2018-138975,5/19/2018 0:00,5/23/2018 0:00,Standard Class,SC-20380,Shahid Collister,Consumer,United States,Atlanta,30318,TEC-PH-10004389,Technology,Phones,Nokia Lumia 925
1628.82,9,374.6286,0,South,Georgia,2861,CA-2018-138975,5/19/2018 0:00,5/23/2018 0:00,Standard Class,SC-20380,Shahid Collister,Consumer,United States,Atlanta,30318,FUR-BO-10004695,Furniture,Bookcases,O'Sullivan 2-Door Barrister Bookcase in Odessa Pine
286.93,7,140.5957,0,South,Georgia,2862,CA-2018-138975,5/19/2018 0:00,5/23/2018 0:00,Standard Class,SC-20380,Shahid Collister,Consumer,United States,Atlanta,30318,OFF-PA-10000100,Office Supplies,Paper,Xerox 1945
20.736,4,7.2576,0.2,South,Florida,2863,CA-2018-106537,8/12/2018 0:00,8/17/2018 0:00,Standard Class,RH-19495,Rick Hansen,Consumer,United States,Orlando,32839,OFF-PA-10000223,Office Supplies,Paper,Xerox 2000
17.088,2,1.068,0.2,South,Florida,2870,CA-2018-143861,6/12/2018 0:00,6/19/2018 0:00,Standard Class,LC-16885,Lena Creighton,Consumer,United States,Saint Petersburg,33710,FUR-FU-10001546,Furniture,Furnishings,Dana Swing-Arm Lamps
184.66,7,84.9436,0,South,Georgia,2902,CA-2018-124898,9/11/2018 0:00,9/15/2018 0:00,Standard Class,DB-12910,Daniel Byrd,Home Office,United States,Columbus,31907,OFF-PA-10003656,Office Supplies,Paper,Xerox 1935
18.84,3,7.9128,0,South,Georgia,2927,CA-2018-128629,7/10/2018 0:00,7/14/2018 0:00,Second Class,BP-11155,Becky Pak,Consumer,United States,Columbus,31907,FUR-FU-10000771,Furniture,Furnishings,"Eldon 200 Class Desk Accessories, Smoke"
1633.188,4,-1306.5504,0.7,South,North Carolina,2929,US-2018-120390,10/19/2018 0:00,10/26/2018 0:00,Standard Class,TH-21550,Tracy Hopkins,Home Office,United States,Burlington,27217,OFF-BI-10004995,Office Supplies,Binders,GBC DocuBind P400 Electric Binding System
499.584,3,43.7136,0.2,South,North Carolina,2969,CA-2018-167941,11/6/2018 0:00,11/9/2018 0:00,Second Class,JF-15565,Jill Fjeld,Consumer,United States,Fayetteville,28314,OFF-AP-10002118,Office Supplies,Appliances,"1.7 Cubic Foot Compact ""Cube"" Office Refrigerators"
31.104,6,10.8864,0.2,South,North Carolina,2970,CA-2018-167941,11/6/2018 0:00,11/9/2018 0:00,Second Class,JF-15565,Jill Fjeld,Consumer,United States,Fayetteville,28314,OFF-PA-10001800,Office Supplies,Paper,Xerox 220
13.272,8,-10.6176,0.7,South,North Carolina,2971,CA-2018-167941,11/6/2018 0:00,11/9/2018 0:00,Second Class,JF-15565,Jill Fjeld,Consumer,United States,Fayetteville,28314,OFF-BI-10002827,Office Supplies,Binders,Avery Durable Poly Binders
28.272,2,6.3612,0.2,South,North Carolina,2972,CA-2018-167941,11/6/2018 0:00,11/9/2018 0:00,Second Class,JF-15565,Jill Fjeld,Consumer,United States,Fayetteville,28314,FUR-FU-10004671,Furniture,Furnishings,"Executive Impressions 12"" Wall Clock"
259.136,4,-51.8272,0.2,South,North Carolina,2973,CA-2018-167941,11/6/2018 0:00,11/9/2018 0:00,Second Class,JF-15565,Jill Fjeld,Consumer,United States,Fayetteville,28314,OFF-ST-10000736,Office Supplies,Storage,Carina Double Wide Media Storage Towers in Natural & Black
504.9,5,80.784,0,South,Virginia,3029,CA-2018-116855,12/17/2018 0:00,12/21/2018 0:00,Standard Class,AI-10855,Arianne Irving,Consumer,United States,Chesapeake,23320,FUR-CH-10003846,Furniture,Chairs,Hon Valutask Swivel Chairs
411.8,2,70.006,0,South,Georgia,3049,CA-2018-121419,4/2/2018 0:00,4/4/2018 0:00,First Class,TC-21475,Tony Chapman,Home Office,United States,Columbus,31907,FUR-TA-10004534,Furniture,Tables,Bevis 44 x 96 Conference Tables
360,4,129.6,0,South,Georgia,3050,CA-2018-121419,4/2/2018 0:00,4/4/2018 0:00,First Class,TC-21475,Tony Chapman,Home Office,United States,Columbus,31907,TEC-AC-10000892,Technology,Accessories,NETGEAR N750 Dual Band Wi-Fi Gigabit Router
58.34,2,28.0032,0,South,Kentucky,3082,US-2018-132297,5/27/2018 0:00,6/2/2018 0:00,Standard Class,DW-13480,Dianna Wilson,Home Office,United States,Louisville,40214,OFF-BI-10003364,Office Supplies,Binders,Binding Machine Supplies
539.97,3,134.9925,0,South,Kentucky,3083,US-2018-132297,5/27/2018 0:00,6/2/2018 0:00,Standard Class,DW-13480,Dianna Wilson,Home Office,United States,Louisville,40214,TEC-PH-10002834,Technology,Phones,Google Nexus 5
61,5,25.62,0,South,Kentucky,3089,US-2018-159205,3/31/2018 0:00,4/2/2018 0:00,Second Class,DB-12910,Daniel Byrd,Home Office,United States,Henderson,42420,FUR-FU-10001591,Furniture,Furnishings,Advantus Panel Wall Certificate Holder - 8.5x11
671.93,7,188.1404,0,South,Kentucky,3090,US-2018-159205,3/31/2018 0:00,4/2/2018 0:00,Second Class,DB-12910,Daniel Byrd,Home Office,United States,Henderson,42420,TEC-PH-10000526,Technology,Phones,Vtech CS6719
23.88,6,11.2236,0,South,South Carolina,3171,CA-2018-107461,12/21/2018 0:00,12/26/2018 0:00,Second Class,PK-19075,Pete Kriz,Consumer,United States,Columbia,29203,OFF-BI-10002003,Office Supplies,Binders,Ibico Presentation Index for Binding Systems
2.896,1,0.9774,0.2,South,Florida,3382,US-2018-162208,8/27/2018 0:00,8/30/2018 0:00,First Class,SP-20620,Stefania Perrino,Corporate,United States,Tampa,33614,OFF-EN-10004030,Office Supplies,Envelopes,Convenience Packs of Business Envelopes
580.672,4,65.3256,0.2,South,North Carolina,3386,CA-2018-148404,10/7/2018 0:00,10/11/2018 0:00,Standard Class,Dp-13240,Dean percer,Home Office,United States,Charlotte,28205,OFF-ST-10003208,Office Supplies,Storage,Adjustable Depth Letter/Legal Cart
18.936,3,5.9175,0.2,South,North Carolina,3387,CA-2018-148404,10/7/2018 0:00,10/11/2018 0:00,Standard Class,Dp-13240,Dean percer,Home Office,United States,Charlotte,28205,OFF-FA-10003112,Office Supplies,Fasteners,Staples
222.384,2,16.6788,0.2,South,North Carolina,3388,CA-2018-148404,10/7/2018 0:00,10/11/2018 0:00,Standard Class,Dp-13240,Dean percer,Home Office,United States,Charlotte,28205,TEC-PH-10004447,Technology,Phones,Toshiba IPT2010-SD IP Telephone
50.454,6,-33.636,0.7,South,North Carolina,3389,CA-2018-148404,10/7/2018 0:00,10/11/2018 0:00,Standard Class,Dp-13240,Dean percer,Home Office,United States,Charlotte,28205,OFF-BI-10002854,Office Supplies,Binders,"Performers Binder/Pad Holder, Black"
154.764,3,-36.1116,0.4,South,North Carolina,3390,CA-2018-148404,10/7/2018 0:00,10/11/2018 0:00,Standard Class,Dp-13240,Dean percer,Home Office,United States,Charlotte,28205,FUR-TA-10001039,Furniture,Tables,KI Adjustable-Height Table
3.76,2,1.0904,0,South,Alabama,3448,CA-2018-102554,6/11/2018 0:00,6/15/2018 0:00,Standard Class,KN-16705,Kristina Nunn,Home Office,United States,Auburn,36830,OFF-AR-10001919,Office Supplies,Art,"OIC #2 Pencils, Medium Soft"
47.992,1,7.1988,0.2,South,Florida,3465,CA-2018-128699,12/3/2018 0:00,12/5/2018 0:00,Second Class,ND-18370,Natalie DeCherney,Consumer,United States,Jacksonville,32216,TEC-AC-10001990,Technology,Accessories,Kensington Orbit Wireless Mobile Trackball for PC and Mac
147.184,2,-29.4368,0.2,South,Florida,3488,CA-2018-120705,9/5/2018 0:00,9/11/2018 0:00,Standard Class,MG-17875,Michael Grace,Home Office,United States,Fort Lauderdale,33311,OFF-ST-10001522,Office Supplies,Storage,"Gould Plastics 18-Pocket Panel Bin, 34w x 5-1/4d x 20-1/2h"
599.97,3,257.9871,0,South,Mississippi,3526,CA-2018-148922,12/10/2018 0:00,12/15/2018 0:00,Second Class,SU-20665,Stephanie Ulpright,Home Office,United States,Jackson,39212,TEC-AC-10001838,Technology,Accessories,Razer Tiamat Over Ear 7.1 Surround Sound PC Gaming Headset
38.97,3,0.7794,0,South,Mississippi,3527,CA-2018-148922,12/10/2018 0:00,12/15/2018 0:00,Second Class,SU-20665,Stephanie Ulpright,Home Office,United States,Jackson,39212,TEC-PH-10000148,Technology,Phones,Cyber Acoustics AC-202b Speech Recognition Stereo Headset
45.84,8,22.0032,0,South,Mississippi,3528,CA-2018-148922,12/10/2018 0:00,12/15/2018 0:00,Second Class,SU-20665,Stephanie Ulpright,Home Office,United States,Jackson,39212,OFF-BI-10003476,Office Supplies,Binders,Avery Metallic Poly Binders
105.98,7,4.2392,0,South,Kentucky,3547,CA-2018-155292,10/30/2018 0:00,11/1/2018 0:00,First Class,RD-19810,Ross DeVincentis,Home Office,United States,Richmond,40475,OFF-ST-10004963,Office Supplies,Storage,Eldon Gobal File Keepers
35.06,2,10.518,0,South,Kentucky,3548,CA-2018-155292,10/30/2018 0:00,11/1/2018 0:00,First Class,RD-19810,Ross DeVincentis,Home Office,United States,Richmond,40475,OFF-SU-10002573,Office Supplies,Supplies,"Acme 10"" Easy Grip Assistive Scissors"
33.94,1,9.1638,0,South,Kentucky,3549,CA-2018-155292,10/30/2018 0:00,11/1/2018 0:00,First Class,RD-19810,Ross DeVincentis,Home Office,United States,Richmond,40475,FUR-CH-10000553,Furniture,Chairs,"Metal Folding Chairs, Beige, 4/Carton"
30,8,14.4,0,South,Kentucky,3550,CA-2018-155292,10/30/2018 0:00,11/1/2018 0:00,First Class,RD-19810,Ross DeVincentis,Home Office,United States,Richmond,40475,OFF-LA-10001982,Office Supplies,Labels,Smead Alpha-Z Color-Coded Name Labels First Letter Starter Set
1665.62,2,33.3124,0,South,Louisiana,3589,CA-2018-158729,12/19/2018 0:00,12/21/2018 0:00,First Class,AC-10450,Amy Cox,Consumer,United States,Lafayette,70506,OFF-SU-10002881,Office Supplies,Supplies,Martin Yale Chadless Opener Electric Letter Opener
2.88,1,1.4112,0,South,Kentucky,3590,CA-2018-146535,11/24/2018 0:00,11/30/2018 0:00,Standard Class,FM-14290,Frank Merwin,Home Office,United States,Richmond,40475,OFF-BI-10000546,Office Supplies,Binders,Avery Durable Binders
1443.96,12,375.4296,0,South,Kentucky,3591,CA-2018-146535,11/24/2018 0:00,11/30/2018 0:00,Standard Class,FM-14290,Frank Merwin,Home Office,United States,Richmond,40475,OFF-ST-10001526,Office Supplies,Storage,Iceberg Mobile Mega Data/Printer Cart
113.568,2,-21.294,0.2,South,Florida,3656,CA-2018-168102,4/24/2018 0:00,4/30/2018 0:00,Standard Class,CP-12340,Christine Phan,Corporate,United States,Jacksonville,32216,OFF-ST-10001370,Office Supplies,Storage,Sensible Storage WireTech Storage Systems
71.976,3,8.997,0.2,South,Florida,3779,US-2018-148768,11/30/2018 0:00,12/2/2018 0:00,Second Class,PN-18775,Parhena Norris,Home Office,United States,Miami,33180,TEC-PH-10002564,Technology,Phones,OtterBox Defender Series Case - Samsung Galaxy S4
8.904,3,3.339,0.2,South,Tennessee,3783,CA-2018-165204,11/13/2018 0:00,11/16/2018 0:00,Second Class,MN-17935,Michael Nguyen,Consumer,United States,Memphis,38109,OFF-PA-10003424,Office Supplies,Paper,"""While you Were Out"" Message Book, One Form per Page"
720.064,4,-63.0056,0.2,South,Tennessee,3784,CA-2018-165204,11/13/2018 0:00,11/16/2018 0:00,Second Class,MN-17935,Michael Nguyen,Consumer,United States,Memphis,38109,OFF-ST-10003716,Office Supplies,Storage,Tennsco Double-Tier Lockers
41.424,2,8.2848,0.2,South,Florida,3785,CA-2018-125752,7/31/2018 0:00,8/4/2018 0:00,Standard Class,EH-14125,Eugene Hildebrand,Home Office,United States,Fort Lauderdale,33311,TEC-AC-10003590,Technology,Accessories,"TRENDnet 56K USB 2.0 Phone, Internet and Fax Modem"
251.64,3,88.074,0.2,South,Florida,3798,CA-2018-121314,9/23/2018 0:00,9/26/2018 0:00,First Class,BE-11410,Bobby Elias,Consumer,United States,Miami,33178,OFF-PA-10003395,Office Supplies,Paper,Xerox 1941
523.764,3,-192.0468,0.4,South,North Carolina,3799,CA-2018-147760,11/4/2018 0:00,11/5/2018 0:00,First Class,KL-16555,Kelly Lampkin,Corporate,United States,Greensboro,27405,FUR-TA-10004575,Furniture,Tables,Hon 5100 Series Wood Tables
1359.96,5,118.9965,0.2,South,North Carolina,3800,CA-2018-147760,11/4/2018 0:00,11/5/2018 0:00,First Class,KL-16555,Kelly Lampkin,Corporate,United States,Greensboro,27405,TEC-PH-10002483,Technology,Phones,Motorola Moto X
691.96,4,318.3016,0,South,Arkansas,3849,CA-2018-161053,9/22/2018 0:00,9/23/2018 0:00,First Class,JE-15745,Joel Eaton,Consumer,United States,Fayetteville,72701,OFF-BI-10004318,Office Supplies,Binders,Ibico EB-19 Dual Function Manual Binding System
34.95,5,15.378,0,South,Arkansas,3850,CA-2018-161053,9/22/2018 0:00,9/23/2018 0:00,First Class,JE-15745,Joel Eaton,Consumer,United States,Fayetteville,72701,TEC-AC-10004633,Technology,Accessories,"Verbatim 25 GB 6x Blu-ray Single Layer Recordable Disc, 3/Pack"
48.9,5,18.093,0,South,Arkansas,3896,CA-2018-110212,5/1/2018 0:00,5/5/2018 0:00,Standard Class,SJ-20125,Sanjit Jacobs,Home Office,United States,Texarkana,71854,TEC-AC-10002331,Technology,Accessories,"Maxell 74 Minute CDR, 10/Pack"
25.92,5,9.072,0.2,South,Tennessee,3943,CA-2018-160458,5/27/2018 0:00,5/29/2018 0:00,Second Class,EH-13945,Eric Hoffmann,Consumer,United States,Memphis,38109,OFF-PA-10001166,Office Supplies,Paper,Xerox 2
44.384,1,15.5344,0.2,South,Florida,3946,CA-2018-167871,11/18/2018 0:00,11/23/2018 0:00,Standard Class,AF-10870,Art Ferguson,Consumer,United States,Homestead,33030,OFF-PA-10001977,Office Supplies,Paper,Xerox 194
2.944,1,-0.6624,0.2,South,Florida,3947,CA-2018-167871,11/18/2018 0:00,11/23/2018 0:00,Standard Class,AF-10870,Art Ferguson,Consumer,United States,Homestead,33030,OFF-SU-10001225,Office Supplies,Supplies,Staple remover
479.97,3,239.985,0,South,Louisiana,4030,CA-2018-124296,12/24/2018 0:00,12/28/2018 0:00,Standard Class,CS-12355,Christine Sundaresam,Consumer,United States,Lafayette,70506,TEC-MA-10003183,Technology,Machines,DYMO CardScan Personal V9 Business Card Scanner
232.88,4,60.5488,0,South,Louisiana,4031,CA-2018-124296,12/24/2018 0:00,12/28/2018 0:00,Standard Class,CS-12355,Christine Sundaresam,Consumer,United States,Lafayette,70506,FUR-CH-10002439,Furniture,Chairs,"Iceberg Nesting Folding Chair, 19w x 6d x 43h"
220.064,4,55.016,0.2,South,Florida,4075,CA-2018-108112,11/15/2018 0:00,11/20/2018 0:00,Standard Class,DK-12895,Dana Kaydos,Consumer,United States,Miramar,33023,FUR-FU-10003553,Furniture,Furnishings,"Howard Miller 13-1/2"" Diameter Rosebrook Wall Clock"
339.136,4,0,0.2,South,Florida,4076,CA-2018-108112,11/15/2018 0:00,11/20/2018 0:00,Standard Class,DK-12895,Dana Kaydos,Consumer,United States,Miramar,33023,FUR-FU-10001488,Furniture,Furnishings,"Tenex 46"" x 60"" Computer Anti-Static Chairmat, Rectangular Shaped"
91.032,3,-2.2758,0.2,South,Florida,4126,CA-2018-123239,7/27/2018 0:00,7/31/2018 0:00,Second Class,MG-18145,Mike Gockenbach,Consumer,United States,Jacksonville,32216,FUR-FU-10001602,Furniture,Furnishings,"Eldon Delta Triangular Chair Mat, 52"" x 58"", Clear"
54.66,6,18.0378,0,South,Virginia,4127,CA-2018-156769,5/6/2018 0:00,5/9/2018 0:00,First Class,GZ-14470,Gary Zandusky,Consumer,United States,Arlington,22204,OFF-AR-10003179,Office Supplies,Art,Dixon Ticonderoga Core-Lock Colored Pencils
25.06,7,12.53,0,South,Virginia,4138,CA-2018-110926,11/19/2018 0:00,11/23/2018 0:00,Standard Class,DD-13570,Dorothy Dickinson,Consumer,United States,Alexandria,22304,OFF-FA-10000624,Office Supplies,Fasteners,OIC Binder Clips
80.48,1,24.144,0,South,Georgia,4263,CA-2018-123351,9/21/2018 0:00,9/25/2018 0:00,Standard Class,KT-16480,Kean Thornton,Consumer,United States,Columbus,31907,OFF-AP-10001242,Office Supplies,Appliances,APC 7 Outlet Network SurgeArrest Surge Protector
64.784,1,-12.9568,0.2,South,Tennessee,4288,CA-2018-127516,12/28/2018 0:00,1/3/2019 0:00,Standard Class,EH-14005,Erica Hernandez,Home Office,United States,Nashville,37211,OFF-ST-10000736,Office Supplies,Storage,Carina Double Wide Media Storage Towers in Natural & Black
4367.896,13,327.5922,0.2,South,Florida,4298,CA-2018-129021,8/23/2018 0:00,8/26/2018 0:00,Second Class,PO-18850,Patrick O'Brill,Consumer,United States,Tallahassee,32303,TEC-PH-10001459,Technology,Phones,Samsung Galaxy Mega 6.3
49.568,2,15.49,0.2,South,Florida,4299,CA-2018-129021,8/23/2018 0:00,8/26/2018 0:00,Second Class,PO-18850,Patrick O'Brill,Consumer,United States,Tallahassee,32303,OFF-PA-10000241,Office Supplies,Paper,"IBM Multi-Purpose Copy Paper, 8 1/2 x 11"", Case"
161.376,6,12.1032,0.2,South,Florida,4300,CA-2018-129021,8/23/2018 0:00,8/26/2018 0:00,Second Class,PO-18850,Patrick O'Brill,Consumer,United States,Tallahassee,32303,OFF-AP-10003040,Office Supplies,Appliances,Fellowes 8 Outlet Superior Workstation Surge Protector w/o Phone/Fax/Modem Protection
2.784,2,0.4176,0.2,South,Florida,4301,CA-2018-129021,8/23/2018 0:00,8/26/2018 0:00,Second Class,PO-18850,Patrick O'Brill,Consumer,United States,Tallahassee,32303,FUR-FU-10001852,Furniture,Furnishings,"Eldon Regeneration Recycled Desk Accessories, Smoke"
8.72,5,2.943,0.2,South,Florida,4302,CA-2018-129021,8/23/2018 0:00,8/26/2018 0:00,Second Class,PO-18850,Patrick O'Brill,Consumer,United States,Tallahassee,32303,OFF-PA-10000141,Office Supplies,Paper,"Ampad Evidence Wirebond Steno Books, 6"" x 9"""
82.38,6,25.5378,0,South,Virginia,4319,US-2018-136189,12/7/2018 0:00,12/11/2018 0:00,Standard Class,DC-13285,Debra Catini,Consumer,United States,Richmond,23223,FUR-FU-10000175,Furniture,Furnishings,DAX Wood Document Frame.
15.552,3,5.4432,0.2,South,Florida,4330,CA-2018-149853,10/3/2018 0:00,10/9/2018 0:00,Standard Class,PO-18850,Patrick O'Brill,Consumer,United States,Hialeah,33012,OFF-PA-10000556,Office Supplies,Paper,Xerox 208
17.92,5,1.12,0.2,South,Florida,4331,CA-2018-149853,10/3/2018 0:00,10/9/2018 0:00,Standard Class,PO-18850,Patrick O'Brill,Consumer,United States,Hialeah,33012,OFF-AP-10000804,Office Supplies,Appliances,Hoover Portapower Portable Vacuum
5.184,1,1.8144,0.2,South,Tennessee,4340,CA-2018-133501,8/27/2018 0:00,9/1/2018 0:00,Standard Class,DK-12895,Dana Kaydos,Consumer,United States,Franklin,37064,OFF-PA-10004888,Office Supplies,Paper,Xerox 217
544.38,3,157.8702,0,South,Virginia,4342,CA-2018-130309,12/17/2018 0:00,12/21/2018 0:00,Standard Class,GB-14575,Giulietta Baptist,Consumer,United States,Arlington,22204,OFF-ST-10003208,Office Supplies,Storage,Adjustable Depth Letter/Legal Cart
19.008,8,-12.672,0.7,South,North Carolina,4355,CA-2018-153654,11/24/2018 0:00,11/26/2018 0:00,Second Class,MD-17860,Michael Dominguez,Corporate,United States,Asheville,28806,OFF-BI-10004465,Office Supplies,Binders,Avery Durable Slant Ring Binders
29.16,3,8.4564,0,South,Louisiana,4362,US-2018-163195,2/17/2018 0:00,2/21/2018 0:00,Second Class,LL-16840,Lauren Leatherbury,Consumer,United States,Lafayette,70506,TEC-PH-10003875,Technology,Phones,KLD Oscar II Style Snap-on Ultra Thin Side Flip Synthetic Leather Cover Case for HTC One HTC M7
17.24,2,4.4824,0,South,Georgia,4423,CA-2018-159464,5/18/2018 0:00,5/19/2018 0:00,First Class,TB-21355,Todd Boyes,Corporate,United States,Sandy Springs,30328,OFF-AP-10001492,Office Supplies,Appliances,"Acco Six-Outlet Power Strip, 4' Cord Length"
302.94,3,75.735,0,South,Georgia,4424,CA-2018-159464,5/18/2018 0:00,5/19/2018 0:00,First Class,TB-21355,Todd Boyes,Corporate,United States,Sandy Springs,30328,FUR-BO-10003546,Furniture,Bookcases,Hon 4-Shelf Metal Bookcases
34.75,5,15.6375,0,South,Georgia,4425,CA-2018-159464,5/18/2018 0:00,5/19/2018 0:00,First Class,TB-21355,Todd Boyes,Corporate,United States,Sandy Springs,30328,TEC-PH-10002185,Technology,Phones,QVS USB Car Charger 2-Port 2.1Amp for iPod/iPhone/iPad/iPad 2/iPad 3
113.94,6,54.6912,0,South,Georgia,4426,CA-2018-159464,5/18/2018 0:00,5/19/2018 0:00,First Class,TB-21355,Todd Boyes,Corporate,United States,Sandy Springs,30328,OFF-BI-10000315,Office Supplies,Binders,Poly Designer Cover & Back
55.98,2,15.6744,0,South,Georgia,4427,CA-2018-159464,5/18/2018 0:00,5/19/2018 0:00,First Class,TB-21355,Todd Boyes,Corporate,United States,Sandy Springs,30328,TEC-PH-10002350,Technology,Phones,Apple EarPods with Remote and Mic
1347.52,8,84.22,0.2,South,Florida,4520,CA-2018-107167,6/10/2018 0:00,6/14/2018 0:00,Standard Class,ND-18460,Neil Ducich,Corporate,United States,Jacksonville,32216,OFF-ST-10003805,Office Supplies,Storage,"24 Capacity Maxi Data Binder Racks, Pearl"
419.136,4,-57.6312,0.2,South,Florida,4564,CA-2018-129490,9/26/2018 0:00,9/30/2018 0:00,Standard Class,SJ-20125,Sanjit Jacobs,Home Office,United States,Miramar,33023,FUR-CH-10003298,Furniture,Chairs,"Office Star - Contemporary Task Swivel chair with Loop Arms, Charcoal"
45.216,3,4.5216,0.2,South,North Carolina,4566,US-2018-149510,12/3/2018 0:00,12/10/2018 0:00,Standard Class,MC-17575,Matt Collins,Consumer,United States,Fayetteville,28314,OFF-AP-10002350,Office Supplies,Appliances,Belkin F9H710-06 7 Outlet SurgeMaster Surge Protector
28.782,6,-21.1068,0.7,South,North Carolina,4567,US-2018-149510,12/3/2018 0:00,12/10/2018 0:00,Standard Class,MC-17575,Matt Collins,Consumer,United States,Fayetteville,28314,OFF-BI-10004233,Office Supplies,Binders,"GBC Pre-Punched Binding Paper, Plastic, White, 8-1/2"" x 11"""
24.448,4,8.8624,0.2,South,North Carolina,4568,US-2018-149510,12/3/2018 0:00,12/10/2018 0:00,Standard Class,MC-17575,Matt Collins,Consumer,United States,Fayetteville,28314,OFF-PA-10001892,Office Supplies,Paper,"Rediform Wirebound ""Phone Memo"" Message Book, 11 x 5-3/4"
8.832,3,-1.9872,0.2,South,Tennessee,4623,CA-2018-147228,9/9/2018 0:00,9/14/2018 0:00,Standard Class,SO-20335,Sean O'Donnell,Consumer,United States,Columbia,38401,OFF-SU-10001225,Office Supplies,Supplies,Staple remover
177.536,4,62.1376,0.2,South,Tennessee,4624,CA-2018-147228,9/9/2018 0:00,9/14/2018 0:00,Standard Class,SO-20335,Sean O'Donnell,Consumer,United States,Columbia,38401,OFF-PA-10000357,Office Supplies,Paper,Xerox 1888
258.48,2,-3.231,0.2,South,Tennessee,4625,CA-2018-147228,9/9/2018 0:00,9/14/2018 0:00,Standard Class,SO-20335,Sean O'Donnell,Consumer,United States,Columbia,38401,OFF-ST-10000046,Office Supplies,Storage,Fellowes Super Stor/Drawer Files
14.136,3,4.2408,0.2,South,Tennessee,4626,CA-2018-147228,9/9/2018 0:00,9/14/2018 0:00,Standard Class,SO-20335,Sean O'Donnell,Consumer,United States,Columbia,38401,FUR-FU-10000023,Furniture,Furnishings,Eldon Wave Desk Accessories
209.568,2,-23.5764,0.2,South,Tennessee,4753,CA-2018-103499,11/20/2018 0:00,11/24/2018 0:00,Standard Class,ES-14020,Erica Smith,Consumer,United States,Jackson,38301,FUR-CH-10001482,Furniture,Chairs,Office Star - Mesh Screen back chair with Vinyl seat
3.882,2,-2.588,0.7,South,Florida,4755,CA-2018-126354,2/3/2018 0:00,2/8/2018 0:00,Standard Class,SC-20380,Shahid Collister,Consumer,United States,Pembroke Pines,33024,OFF-BI-10000301,Office Supplies,Binders,GBC Instant Report Kit
115.296,3,40.3536,0.2,South,Florida,4756,CA-2018-126354,2/3/2018 0:00,2/8/2018 0:00,Standard Class,SC-20380,Shahid Collister,Consumer,United States,Pembroke Pines,33024,OFF-PA-10004381,Office Supplies,Paper,14-7/8 x 11 Blue Bar Computer Printout Paper
25.344,4,9.1872,0.2,South,North Carolina,4769,CA-2018-158883,6/2/2018 0:00,6/3/2018 0:00,Same Day,CS-11860,Cari Schnelling,Consumer,United States,Jacksonville,28540,OFF-PA-10004733,Office Supplies,Paper,Things To Do Today Spiral Book
27.58,2,11.5836,0,South,Kentucky,4841,CA-2018-154123,11/20/2018 0:00,11/25/2018 0:00,Standard Class,SC-20050,Sample Company A,Home Office,United States,Henderson,42420,FUR-FU-10000629,Furniture,Furnishings,9-3/4 Diameter Round Wall Clock
243.92,5,-54.882,0.2,South,Tennessee,4843,CA-2018-118402,9/29/2018 0:00,10/4/2018 0:00,Standard Class,JO-15280,Jas O'Carroll,Consumer,United States,Memphis,38109,OFF-ST-10001418,Office Supplies,Storage,Carina Media Storage Towers in Natural & Black
5.32,2,2.6068,0,South,Kentucky,4880,CA-2018-143567,11/2/2018 0:00,11/5/2018 0:00,Second Class,TB-21175,Thomas Boland,Corporate,United States,Henderson,42420,OFF-EN-10004846,Office Supplies,Envelopes,Letter or Legal Size Expandable Poly String Tie Envelopes
975.92,4,292.776,0,South,Kentucky,4881,CA-2018-143567,11/2/2018 0:00,11/5/2018 0:00,Second Class,TB-21175,Thomas Boland,Corporate,United States,Henderson,42420,FUR-CH-10000454,Furniture,Chairs,"Hon Deluxe Fabric Upholstered Stacking Chairs, Rounded Back"
2249.91,9,517.4793,0,South,Kentucky,4882,CA-2018-143567,11/2/2018 0:00,11/5/2018 0:00,Second Class,TB-21175,Thomas Boland,Corporate,United States,Henderson,42420,TEC-AC-10004145,Technology,Accessories,Logitech diNovo Edge Keyboard
59.92,4,16.7776,0,South,Kentucky,4883,CA-2018-143567,11/2/2018 0:00,11/5/2018 0:00,Second Class,TB-21175,Thomas Boland,Corporate,United States,Henderson,42420,OFF-ST-10001580,Office Supplies,Storage,Super Decoflex Portable Personal File
18.336,3,6.6468,0.2,South,Tennessee,4910,CA-2018-127306,1/14/2018 0:00,1/18/2018 0:00,Standard Class,BH-11710,Brosina Hoffman,Consumer,United States,Johnson City,37604,OFF-EN-10001219,Office Supplies,Envelopes,"#10- 4 1/8"" x 9 1/2"" Security-Tint Envelopes"
36.288,7,12.7008,0.2,South,Tennessee,4911,CA-2018-127306,1/14/2018 0:00,1/18/2018 0:00,Standard Class,BH-11710,Brosina Hoffman,Consumer,United States,Johnson City,37604,OFF-PA-10000019,Office Supplies,Paper,Xerox 1931
111.984,2,6.999,0.2,South,Tennessee,4912,CA-2018-127306,1/14/2018 0:00,1/18/2018 0:00,Standard Class,BH-11710,Brosina Hoffman,Consumer,United States,Johnson City,37604,TEC-PH-10001924,Technology,Phones,iHome FM Clock Radio with Lightning Dock
5.97,5,-4.577,0.7,South,Tennessee,4913,CA-2018-127306,1/14/2018 0:00,1/18/2018 0:00,Standard Class,BH-11710,Brosina Hoffman,Consumer,United States,Johnson City,37604,OFF-BI-10002003,Office Supplies,Binders,Ibico Presentation Index for Binding Systems
2.508,2,-1.8392,0.7,South,Tennessee,4914,CA-2018-127306,1/14/2018 0:00,1/18/2018 0:00,Standard Class,BH-11710,Brosina Hoffman,Consumer,United States,Johnson City,37604,OFF-BI-10003727,Office Supplies,Binders,Avery Durable Slant Ring Binders With Label Holder
96.08,2,46.1184,0,South,Alabama,4922,CA-2018-114055,12/25/2018 0:00,12/29/2018 0:00,Second Class,MH-18115,Mick Hernandez,Home Office,United States,Huntsville,35810,OFF-PA-10004381,Office Supplies,Paper,14-7/8 x 11 Blue Bar Computer Printout Paper
3.62,2,1.1946,0,South,Alabama,4923,CA-2018-114055,12/25/2018 0:00,12/29/2018 0:00,Second Class,MH-18115,Mick Hernandez,Home Office,United States,Huntsville,35810,OFF-FA-10003059,Office Supplies,Fasteners,Assorted Color Push Pins
629.1,6,301.968,0,South,Alabama,4924,CA-2018-114055,12/25/2018 0:00,12/29/2018 0:00,Second Class,MH-18115,Mick Hernandez,Home Office,United States,Huntsville,35810,OFF-PA-10000994,Office Supplies,Paper,Xerox 1915
90.48,2,23.5248,0,South,Alabama,4925,CA-2018-114055,12/25/2018 0:00,12/29/2018 0:00,Second Class,MH-18115,Mick Hernandez,Home Office,United States,Huntsville,35810,TEC-PH-10002890,Technology,Phones,AT&T 17929 Lendline Telephone
33.74,7,15.5204,0,South,Alabama,4937,CA-2018-150931,1/6/2018 0:00,1/13/2018 0:00,Standard Class,DP-13390,Dennis Pardue,Home Office,United States,Tuscaloosa,35401,OFF-BI-10004728,Office Supplies,Binders,Wilson Jones Turn Tabs Binder Tool for Ring Binders
48.784,1,3.6588,0.2,South,North Carolina,4997,CA-2018-155824,3/10/2018 0:00,3/15/2018 0:00,Standard Class,KS-16300,Karen Seio,Corporate,United States,Raleigh,27604,OFF-AP-10000390,Office Supplies,Appliances,Euro Pro Shark Stick Mini Vacuum
13.092,4,-10.0372,0.7,South,North Carolina,4998,CA-2018-155824,3/10/2018 0:00,3/15/2018 0:00,Standard Class,KS-16300,Karen Seio,Corporate,United States,Raleigh,27604,OFF-BI-10000014,Office Supplies,Binders,Heavy-Duty E-Z-D Binders
195.64,4,91.9508,0,South,Georgia,5053,US-2018-120607,5/19/2018 0:00,5/19/2018 0:00,Same Day,JC-15775,John Castell,Consumer,United States,Atlanta,30318,OFF-PA-10003129,Office Supplies,Paper,Tops White Computer Printout Paper
383.976,3,81.5949,0.2,South,North Carolina,5066,CA-2018-142090,11/30/2018 0:00,12/7/2018 0:00,Standard Class,SC-20380,Shahid Collister,Consumer,United States,Burlington,27217,TEC-AC-10002001,Technology,Accessories,Logitech Wireless Gaming Headset G930
1781.682,7,-653.2834,0.4,South,North Carolina,5067,CA-2018-142090,11/30/2018 0:00,12/7/2018 0:00,Standard Class,SC-20380,Shahid Collister,Consumer,United States,Burlington,27217,FUR-TA-10001889,Furniture,Tables,Bush Advantage Collection Racetrack Conference Table
42.048,9,5.256,0.2,South,Tennessee,5108,CA-2018-132213,4/25/2018 0:00,4/26/2018 0:00,First Class,PN-18775,Parhena Norris,Home Office,United States,Nashville,37211,OFF-AR-10004078,Office Supplies,Art,Newell 312
67.92,5,6.792,0.2,South,Tennessee,5109,CA-2018-132213,4/25/2018 0:00,4/26/2018 0:00,First Class,PN-18775,Parhena Norris,Home Office,United States,Nashville,37211,OFF-AR-10001958,Office Supplies,Art,Stanley Bostitch Contemporary Electric Pencil Sharpeners
40.29,3,10.0725,0,South,Georgia,5184,CA-2018-163335,9/24/2018 0:00,9/27/2018 0:00,First Class,AG-10675,Anna Gayman,Consumer,United States,Columbus,31907,OFF-ST-10000885,Office Supplies,Storage,Fellowes Desktop Hanging File Manager
38.71,7,17.8066,0,South,Georgia,5185,CA-2018-163335,9/24/2018 0:00,9/27/2018 0:00,First Class,AG-10675,Anna Gayman,Consumer,United States,Columbus,31907,OFF-BI-10002827,Office Supplies,Binders,Avery Durable Poly Binders
159.8,4,70.312,0,South,Arkansas,5276,CA-2018-147333,12/14/2018 0:00,12/20/2018 0:00,Standard Class,KL-16555,Kelly Lampkin,Corporate,United States,Fayetteville,72701,TEC-AC-10004469,Technology,Accessories,Microsoft Sculpt Comfort Mouse
44.75,5,8.5025,0,South,Arkansas,5277,CA-2018-147333,12/14/2018 0:00,12/20/2018 0:00,Standard Class,KL-16555,Kelly Lampkin,Corporate,United States,Fayetteville,72701,TEC-AC-10003038,Technology,Accessories,Kingston Digital DataTraveler 16GB USB 2.0
4.464,1,0.3348,0.2,South,Florida,5293,CA-2018-151218,6/20/2018 0:00,6/23/2018 0:00,First Class,PJ-19015,Pauline Johnson,Consumer,United States,Miami,33180,OFF-ST-10004835,Office Supplies,Storage,Plastic Stacking Crates & Casters
11.808,2,1.3284,0.2,South,Tennessee,5317,US-2018-162558,10/2/2018 0:00,10/5/2018 0:00,First Class,Dp-13240,Dean percer,Home Office,United States,Knoxville,37918,FUR-FU-10002364,Furniture,Furnishings,"Eldon Expressions Wood Desk Accessories, Oak"
9.656,1,1.5691,0.2,South,Tennessee,5318,US-2018-162558,10/2/2018 0:00,10/5/2018 0:00,First Class,Dp-13240,Dean percer,Home Office,United States,Knoxville,37918,FUR-FU-10004864,Furniture,Furnishings,Eldon 500 Class Desk Accessories
20.736,4,7.2576,0.2,South,Tennessee,5319,US-2018-162558,10/2/2018 0:00,10/5/2018 0:00,First Class,Dp-13240,Dean percer,Home Office,United States,Knoxville,37918,OFF-PA-10003172,Office Supplies,Paper,Xerox 1996
27.36,3,-21.888,0.7,South,Tennessee,5320,US-2018-162558,10/2/2018 0:00,10/5/2018 0:00,First Class,Dp-13240,Dean percer,Home Office,United States,Knoxville,37918,OFF-BI-10000977,Office Supplies,Binders,Ibico Plastic Spiral Binding Combs
2314.116,7,-1002.7836,0.4,South,Tennessee,5321,US-2018-162558,10/2/2018 0:00,10/5/2018 0:00,First Class,Dp-13240,Dean percer,Home Office,United States,Knoxville,37918,FUR-TA-10000198,Furniture,Tables,Chromcraft Bull-Nose Wood Oval Conference Tables & Bases
34.236,4,-26.2476,0.7,South,Tennessee,5322,US-2018-162558,10/2/2018 0:00,10/5/2018 0:00,First Class,Dp-13240,Dean percer,Home Office,United States,Knoxville,37918,OFF-BI-10003984,Office Supplies,Binders,Lock-Up Easel 'Spel-Binder'
19.76,2,5.928,0.2,South,Tennessee,5323,US-2018-162558,10/2/2018 0:00,10/5/2018 0:00,First Class,Dp-13240,Dean percer,Home Office,United States,Knoxville,37918,FUR-FU-10003691,Furniture,Furnishings,"Eldon Image Series Desk Accessories, Ebony"
198.272,8,-32.2192,0.2,South,North Carolina,5361,US-2018-126060,4/14/2018 0:00,4/18/2018 0:00,Standard Class,DW-13585,Dorothy Wardle,Corporate,United States,Fayetteville,28314,FUR-BO-10003433,Furniture,Bookcases,Sauder Cornerstone Collection Library
40.41,9,18.5886,0,South,Arkansas,5387,CA-2018-152786,3/12/2018 0:00,3/17/2018 0:00,Standard Class,GA-14725,Guy Armstrong,Consumer,United States,Rogers,72756,OFF-BI-10000829,Office Supplies,Binders,Avery Non-Stick Binders
26.4,5,11.88,0,South,Kentucky,5424,CA-2018-103009,11/3/2018 0:00,11/5/2018 0:00,Second Class,PJ-18835,Patrick Jones,Corporate,United States,Richmond,40475,OFF-PA-10001215,Office Supplies,Paper,Xerox 1963
2.064,1,0.1548,0.2,South,Florida,5441,US-2018-153633,11/13/2018 0:00,11/18/2018 0:00,Second Class,TC-21295,Toby Carlisle,Consumer,United States,Jupiter,33458,OFF-AR-10002335,Office Supplies,Art,DIXON Oriole Pencils
419.136,4,-68.1096,0.2,South,Florida,5485,CA-2018-148999,1/30/2018 0:00,2/4/2018 0:00,Standard Class,EB-13870,Emily Burns,Consumer,United States,Miami,33142,FUR-CH-10002044,Furniture,Chairs,"Office Star - Contemporary Task Swivel chair with 2-way adjustable arms, Plum"
23.976,3,-5.6943,0.2,South,Florida,5488,CA-2018-134495,4/1/2018 0:00,4/4/2018 0:00,Second Class,BF-11020,Barry Französisch,Corporate,United States,Jacksonville,32216,TEC-PH-10004897,Technology,Phones,Mediabridge Sport Armband iPhone 5s
6.264,3,2.0358,0.2,South,Florida,5489,CA-2018-134495,4/1/2018 0:00,4/4/2018 0:00,Second Class,BF-11020,Barry Französisch,Corporate,United States,Jacksonville,32216,OFF-LA-10000262,Office Supplies,Labels,Avery 494
20.808,3,1.8207,0.2,South,Florida,5490,CA-2018-134495,4/1/2018 0:00,4/4/2018 0:00,Second Class,BF-11020,Barry Französisch,Corporate,United States,Jacksonville,32216,OFF-AP-10002222,Office Supplies,Appliances,Staple holder
218.352,3,-19.1058,0.2,South,Florida,5491,CA-2018-134495,4/1/2018 0:00,4/4/2018 0:00,Second Class,BF-11020,Barry Französisch,Corporate,United States,Jacksonville,32216,FUR-CH-10003774,Furniture,Chairs,"Global Wood Trimmed Manager's Task Chair, Khaki"
10.16,2,3.4544,0,South,Alabama,5556,CA-2018-116113,10/2/2018 0:00,10/6/2018 0:00,Second Class,JW-15220,Jane Waco,Corporate,United States,Montgomery,36116,FUR-FU-10002963,Furniture,Furnishings,"Master Caster Door Stop, Gray"
34.54,1,17.27,0,South,Georgia,5562,CA-2018-133263,3/31/2018 0:00,4/2/2018 0:00,Second Class,JE-15610,Jim Epp,Corporate,United States,Atlanta,30318,OFF-BI-10001153,Office Supplies,Binders,Ibico Recycled Grain-Textured Covers
2999.95,5,1439.976,0,South,Georgia,5563,CA-2018-133263,3/31/2018 0:00,4/2/2018 0:00,Second Class,JE-15610,Jim Epp,Corporate,United States,Atlanta,30318,TEC-CO-10001449,Technology,Copiers,Hewlett Packard LaserJet 3310 Copier
64.12,4,30.7776,0,South,Georgia,5564,CA-2018-133263,3/31/2018 0:00,4/2/2018 0:00,Second Class,JE-15610,Jim Epp,Corporate,United States,Atlanta,30318,OFF-BI-10000474,Office Supplies,Binders,Avery Recycled Flexi-View Covers for Binding Systems
659.9,2,217.767,0,South,Louisiana,5610,CA-2018-117198,8/31/2018 0:00,9/5/2018 0:00,Standard Class,BG-11035,Barry Gonzalez,Consumer,United States,Monroe,71203,TEC-AC-10003033,Technology,Accessories,Plantronics CS510 - Over-the-Head monaural Wireless Headset System
19.52,2,5.368,0.2,South,Tennessee,5618,CA-2018-125745,6/30/2018 0:00,7/4/2018 0:00,Standard Class,DV-13045,Darrin Van Huff,Corporate,United States,Memphis,38109,FUR-FU-10001591,Furniture,Furnishings,Advantus Panel Wall Certificate Holder - 8.5x11
13.872,6,4.6818,0.2,South,Florida,5628,CA-2018-148810,6/26/2018 0:00,7/1/2018 0:00,Standard Class,DR-12880,Dan Reichenbach,Corporate,United States,Miami,33180,OFF-LA-10004689,Office Supplies,Labels,Avery 512
273.552,3,-13.6776,0.2,South,Florida,5629,CA-2018-148810,6/26/2018 0:00,7/1/2018 0:00,Standard Class,DR-12880,Dan Reichenbach,Corporate,United States,Miami,33180,FUR-CH-10001545,Furniture,Chairs,Hon Comfortask Task/Swivel Chairs
177.55,5,47.9385,0,South,Virginia,5715,CA-2018-116939,9/25/2018 0:00,9/29/2018 0:00,Standard Class,AG-10900,Arthur Gainer,Consumer,United States,Richmond,23223,OFF-ST-10001476,Office Supplies,Storage,Steel Personal Filing/Posting Tote
12.32,5,1.848,0.2,South,Florida,5789,CA-2018-115070,4/10/2018 0:00,4/14/2018 0:00,Second Class,MG-18205,Mitch Gastineau,Corporate,United States,Jacksonville,32216,FUR-FU-10003829,Furniture,Furnishings,Stackable Trays
4.419,3,-3.0933,0.7,South,Florida,5790,CA-2018-115070,4/10/2018 0:00,4/14/2018 0:00,Second Class,MG-18205,Mitch Gastineau,Corporate,United States,Jacksonville,32216,OFF-BI-10003712,Office Supplies,Binders,"Acco Pressboard Covers with Storage Hooks, 14 7/8"" x 11"", Light Blue"
59.76,1,16.7328,0,South,Georgia,5873,CA-2018-129910,3/30/2018 0:00,4/3/2018 0:00,Standard Class,ME-17320,Maria Etezadi,Home Office,United States,Columbus,31907,OFF-ST-10003282,Office Supplies,Storage,"Advantus 10-Drawer Portable Organizer, Chrome Metal Frame, Smoke Drawers"
108.08,7,54.04,0,South,Arkansas,5874,CA-2018-133095,6/4/2018 0:00,6/4/2018 0:00,Same Day,EH-14005,Erica Hernandez,Home Office,United States,Jonesboro,72401,OFF-BI-10002353,Office Supplies,Binders,GBC VeloBind Cover Sets
9.54,3,4.3884,0,South,Arkansas,5875,CA-2018-133095,6/4/2018 0:00,6/4/2018 0:00,Same Day,EH-14005,Erica Hernandez,Home Office,United States,Jonesboro,72401,OFF-BI-10004141,Office Supplies,Binders,Insertable Tab Indexes For Data Binders
2.78,1,1.3622,0,South,Georgia,5894,CA-2018-159954,9/10/2018 0:00,9/14/2018 0:00,Standard Class,SS-20410,Shahid Shariari,Consumer,United States,Atlanta,30318,OFF-BI-10004876,Office Supplies,Binders,Wilson Jones Suede Grain Vinyl Binders
22.96,7,6.6584,0,South,Virginia,5925,CA-2018-146458,11/19/2018 0:00,11/22/2018 0:00,Second Class,RB-19435,Richard Bierner,Consumer,United States,Springfield,22153,OFF-AR-10001177,Office Supplies,Art,Newell 349
42.68,4,19.6328,0,South,Mississippi,5949,CA-2018-161046,3/5/2018 0:00,3/5/2018 0:00,Same Day,CB-12535,Claudia Bergmann,Corporate,United States,Southaven,38671,OFF-EN-10003862,Office Supplies,Envelopes,Laser & Ink Jet Business Envelopes
299.97,3,125.9874,0,South,Mississippi,5950,CA-2018-161046,3/5/2018 0:00,3/5/2018 0:00,Same Day,CB-12535,Claudia Bergmann,Corporate,United States,Southaven,38671,TEC-AC-10004571,Technology,Accessories,Logitech G700s Rechargeable Gaming Mouse
262.24,2,78.672,0,South,Mississippi,5951,CA-2018-161046,3/5/2018 0:00,3/5/2018 0:00,Same Day,CB-12535,Claudia Bergmann,Corporate,United States,Southaven,38671,OFF-AP-10000891,Office Supplies,Appliances,Kensington 7 Outlet MasterPiece HOMEOFFICE Power Control Center
234.36,6,112.4928,0,South,Mississippi,5952,CA-2018-161046,3/5/2018 0:00,3/5/2018 0:00,Same Day,CB-12535,Claudia Bergmann,Corporate,United States,Southaven,38671,OFF-BI-10002026,Office Supplies,Binders,Ibico Recycled Linen-Style Covers
12.294,1,-8.6058,0.7,South,Florida,6004,US-2018-146878,9/21/2018 0:00,9/27/2018 0:00,Standard Class,DL-12865,Dan Lawera,Consumer,United States,Miami,33142,OFF-BI-10002794,Office Supplies,Binders,"Avery Trapezoid Ring Binder, 3"" Capacity, Black, 1040 sheets"
127.95,3,21.7515,0,South,South Carolina,6008,CA-2018-129028,4/1/2018 0:00,4/3/2018 0:00,First Class,GB-14530,George Bell,Corporate,United States,Florence,29501,FUR-FU-10004006,Furniture,Furnishings,"Deflect-o DuraMat Lighweight, Studded, Beveled Mat for Low Pile Carpeting"
239.24,1,23.924,0.2,South,Florida,6031,US-2018-152492,7/6/2018 0:00,7/6/2018 0:00,Same Day,AH-10585,Angele Hood,Consumer,United States,Miami,33142,FUR-CH-10000155,Furniture,Chairs,Global Comet Stacking Armless Chair
314.352,3,-35.3646,0.2,South,Tennessee,6044,CA-2018-145702,5/19/2018 0:00,5/24/2018 0:00,Second Class,AH-10075,Adam Hart,Corporate,United States,Knoxville,37918,FUR-CH-10001482,Furniture,Chairs,Office Star - Mesh Screen back chair with Vinyl seat
27.888,7,10.1094,0.2,South,Tennessee,6045,CA-2018-145702,5/19/2018 0:00,5/24/2018 0:00,Second Class,AH-10075,Adam Hart,Corporate,United States,Knoxville,37918,OFF-PA-10001526,Office Supplies,Paper,Xerox 1949
53.25,3,20.7675,0,South,Virginia,6130,CA-2018-162033,3/26/2018 0:00,4/2/2018 0:00,Standard Class,EM-14200,Evan Minnotte,Home Office,United States,Virginia Beach,23464,TEC-AC-10003116,Technology,Accessories,Memorex Froggy Flash Drive 8 GB
3.76,2,1.316,0,South,Virginia,6131,CA-2018-162033,3/26/2018 0:00,4/2/2018 0:00,Standard Class,EM-14200,Evan Minnotte,Home Office,United States,Virginia Beach,23464,OFF-FA-10003021,Office Supplies,Fasteners,Staples
163.96,5,59.4355,0.2,South,Tennessee,6133,CA-2018-145737,9/15/2018 0:00,9/20/2018 0:00,Standard Class,AB-10165,Alan Barnes,Consumer,United States,Lebanon,37087,OFF-PA-10001033,Office Supplies,Paper,Xerox 1893
72.704,4,19.0848,0.2,South,Tennessee,6223,CA-2018-140627,12/23/2018 0:00,12/27/2018 0:00,Standard Class,DK-12985,Darren Koutras,Consumer,United States,Hendersonville,37075,FUR-FU-10000087,Furniture,Furnishings,"Executive Impressions 14"" Two-Color Numerals Wall Clock"
12.264,7,1.0731,0.2,South,Tennessee,6224,CA-2018-140627,12/23/2018 0:00,12/27/2018 0:00,Standard Class,DK-12985,Darren Koutras,Consumer,United States,Hendersonville,37075,OFF-AR-10000422,Office Supplies,Art,Pencil and Crayon Sharpener
218.352,3,-54.588,0.2,South,Tennessee,6225,CA-2018-140627,12/23/2018 0:00,12/27/2018 0:00,Standard Class,DK-12985,Darren Koutras,Consumer,United States,Hendersonville,37075,OFF-ST-10004123,Office Supplies,Storage,Safco Industrial Wire Shelving System
34.5,3,15.525,0,South,Georgia,6264,CA-2018-160724,5/5/2018 0:00,5/10/2018 0:00,Standard Class,YS-21880,Yana Sorensen,Corporate,United States,Columbus,31907,OFF-BI-10004965,Office Supplies,Binders,Ibico Covers for Plastic or Wire Binding Elements
701.96,2,168.4704,0,South,Virginia,6292,CA-2018-143756,12/2/2018 0:00,12/5/2018 0:00,First Class,ME-17725,Max Engle,Consumer,United States,Salem,24153,FUR-CH-10001854,Furniture,Chairs,Office Star - Professional Matrix Back Chair with 2-to-1 Synchro Tilt and Mesh Fabric Seat
10.368,2,3.6288,0.2,South,Florida,6321,CA-2018-160017,9/28/2018 0:00,10/2/2018 0:00,Standard Class,SP-20860,Sung Pak,Corporate,United States,Jacksonville,32216,OFF-PA-10001800,Office Supplies,Paper,Xerox 220
361.376,2,27.1032,0.2,South,Florida,6352,CA-2018-161130,11/3/2018 0:00,11/8/2018 0:00,Standard Class,BF-11275,Beth Fritzler,Corporate,United States,Miami,33178,TEC-PH-10002549,Technology,Phones,Polycom SoundPoint IP 450 VoIP phone
241.96,2,33.8744,0,South,Louisiana,6402,CA-2018-125472,5/30/2018 0:00,5/31/2018 0:00,First Class,BD-11725,Bruce Degenhardt,Consumer,United States,Lafayette,70506,FUR-BO-10000330,Furniture,Bookcases,"Sauder Camden County Barrister Bookcase, Planked Cherry Finish"
3.89,1,1.8672,0,South,Louisiana,6403,CA-2018-125472,5/30/2018 0:00,5/31/2018 0:00,First Class,BD-11725,Bruce Degenhardt,Consumer,United States,Lafayette,70506,OFF-BI-10000591,Office Supplies,Binders,Avery Binder Labels
8.01,3,3.0438,0,South,Louisiana,6404,CA-2018-125472,5/30/2018 0:00,5/31/2018 0:00,First Class,BD-11725,Bruce Degenhardt,Consumer,United States,Lafayette,70506,FUR-FU-10001731,Furniture,Furnishings,Acrylic Self-Standing Desk Frames
102.93,3,48.3771,0,South,Kentucky,6413,CA-2018-151211,8/17/2018 0:00,8/23/2018 0:00,Standard Class,AH-10120,Adrian Hane,Home Office,United States,Louisville,40214,OFF-BI-10002735,Office Supplies,Binders,GBC Prestige Therm-A-Bind Covers
98.16,6,9.816,0,South,Kentucky,6414,CA-2018-151211,8/17/2018 0:00,8/23/2018 0:00,Standard Class,AH-10120,Adrian Hane,Home Office,United States,Louisville,40214,TEC-AC-10004510,Technology,Accessories,Logitech Desktop MK120 Mouse and keyboard Combo
11.52,5,-7.68,0.7,South,Florida,6415,CA-2018-142671,11/10/2018 0:00,11/14/2018 0:00,Second Class,DR-12940,Daniel Raglin,Home Office,United States,Hollywood,33021,OFF-BI-10004099,Office Supplies,Binders,GBC VeloBinder Strips
4.554,3,-3.4914,0.7,South,Florida,6476,CA-2018-140872,6/3/2018 0:00,6/10/2018 0:00,Standard Class,NR-18550,Nick Radford,Consumer,United States,Pembroke Pines,33024,OFF-BI-10002432,Office Supplies,Binders,Wilson Jones Standard D-Ring Binders
5.2,2,0.585,0.2,South,Florida,6477,CA-2018-140872,6/3/2018 0:00,6/10/2018 0:00,Standard Class,NR-18550,Nick Radford,Consumer,United States,Pembroke Pines,33024,OFF-AP-10003622,Office Supplies,Appliances,"Bravo II Megaboss 12-Amp Hard Body Upright, Replacement Belts, 2 Belts per Pack"
205.992,1,-2.5749,0.2,South,Florida,6478,CA-2018-140872,6/3/2018 0:00,6/10/2018 0:00,Standard Class,NR-18550,Nick Radford,Consumer,United States,Pembroke Pines,33024,TEC-AC-10003832,Technology,Accessories,Logitech P710e Mobile Speakerphone
15.552,3,5.4432,0.2,South,Florida,6479,CA-2018-140872,6/3/2018 0:00,6/10/2018 0:00,Standard Class,NR-18550,Nick Radford,Consumer,United States,Pembroke Pines,33024,OFF-PA-10000809,Office Supplies,Paper,Xerox 206
503.96,5,50.396,0.2,South,Florida,6480,CA-2018-140872,6/3/2018 0:00,6/10/2018 0:00,Standard Class,NR-18550,Nick Radford,Consumer,United States,Pembroke Pines,33024,TEC-PH-10000441,Technology,Phones,VTech DS6151
24.472,7,1.8354,0.2,South,Florida,6481,CA-2018-140872,6/3/2018 0:00,6/10/2018 0:00,Standard Class,NR-18550,Nick Radford,Consumer,United States,Pembroke Pines,33024,OFF-AP-10002287,Office Supplies,Appliances,"Eureka Sanitaire  Multi-Pro Heavy-Duty Upright, Disposable Bags"
241.568,2,0,0.2,South,Florida,6482,CA-2018-140872,6/3/2018 0:00,6/10/2018 0:00,Standard Class,NR-18550,Nick Radford,Consumer,United States,Pembroke Pines,33024,FUR-BO-10002824,Furniture,Bookcases,Bush Mission Pointe Library
110.4,2,-4.14,0.2,South,Florida,6483,CA-2018-140872,6/3/2018 0:00,6/10/2018 0:00,Standard Class,NR-18550,Nick Radford,Consumer,United States,Pembroke Pines,33024,TEC-AC-10002942,Technology,Accessories,WD My Passport Ultra 1TB Portable External Hard Drive
101.94,6,29.5626,0,South,Virginia,6584,CA-2018-104731,7/21/2018 0:00,7/27/2018 0:00,Standard Class,AM-10705,Anne McFarland,Consumer,United States,Salem,24153,OFF-AR-10003727,Office Supplies,Art,Berol Giant Pencil Sharpener
271.96,4,67.99,0,South,Virginia,6585,CA-2018-104731,7/21/2018 0:00,7/27/2018 0:00,Standard Class,AM-10705,Anne McFarland,Consumer,United States,Salem,24153,TEC-PH-10002660,Technology,Phones,Nortel Networks T7316 E Nt8 B27
8.8,5,3.872,0,South,Virginia,6586,CA-2018-104731,7/21/2018 0:00,7/27/2018 0:00,Standard Class,AM-10705,Anne McFarland,Consumer,United States,Salem,24153,FUR-FU-10003274,Furniture,Furnishings,Regeneration Desk Collection
19.68,6,5.7072,0,South,Virginia,6587,CA-2018-104731,7/21/2018 0:00,7/27/2018 0:00,Standard Class,AM-10705,Anne McFarland,Consumer,United States,Salem,24153,OFF-AR-10003829,Office Supplies,Art,Newell 35
302.94,3,69.6762,0,South,Virginia,6588,CA-2018-104731,7/21/2018 0:00,7/27/2018 0:00,Standard Class,AM-10705,Anne McFarland,Consumer,United States,Salem,24153,FUR-BO-10003441,Furniture,Bookcases,"Bush Westfield Collection Bookcases, Fully Assembled"
14.94,3,7.1712,0,South,Virginia,6589,CA-2018-104731,7/21/2018 0:00,7/27/2018 0:00,Standard Class,AM-10705,Anne McFarland,Consumer,United States,Salem,24153,OFF-BI-10003355,Office Supplies,Binders,Cardinal Holdit Business Card Pockets
231.72,2,11.586,0,South,Virginia,6590,CA-2018-104731,7/21/2018 0:00,7/27/2018 0:00,Standard Class,AM-10705,Anne McFarland,Consumer,United States,Salem,24153,OFF-SU-10003505,Office Supplies,Supplies,Premier Electric Letter Opener
68.541,11,-52.5481,0.7,South,North Carolina,6635,CA-2018-144498,5/6/2018 0:00,5/6/2018 0:00,Same Day,MB-18085,Mick Brown,Consumer,United States,Charlotte,28205,OFF-BI-10003982,Office Supplies,Binders,Wilson Jones Century Plastic Molded Ring Binders
627.168,4,70.5564,0.2,South,North Carolina,6636,CA-2018-144498,5/6/2018 0:00,5/6/2018 0:00,Same Day,MB-18085,Mick Brown,Consumer,United States,Charlotte,28205,TEC-PH-10004977,Technology,Phones,GE 30524EE4
122.12,5,39.689,0.2,South,North Carolina,6637,CA-2018-144498,5/6/2018 0:00,5/6/2018 0:00,Same Day,MB-18085,Mick Brown,Consumer,United States,Charlotte,28205,OFF-LA-10003510,Office Supplies,Labels,"Avery 4027 File Folder Labels for Dot Matrix Printers, 5000 Labels per Box, White"
356.85,5,60.6645,0,South,Virginia,6664,CA-2018-162173,10/26/2018 0:00,11/1/2018 0:00,Standard Class,OT-18730,Olvera Toch,Consumer,United States,Virginia Beach,23464,FUR-TA-10001520,Furniture,Tables,"Lesro Sheffield Collection Coffee Table, End Table, Center Table, Corner Table"
251.58,7,113.211,0,South,Virginia,6665,CA-2018-162173,10/26/2018 0:00,11/1/2018 0:00,Standard Class,OT-18730,Olvera Toch,Consumer,United States,Virginia Beach,23464,OFF-EN-10002831,Office Supplies,Envelopes,"Tyvek  Top-Opening Peel & Seel  Envelopes, Gray"
29.84,2,13.428,0,South,Georgia,6671,CA-2018-161088,5/25/2018 0:00,5/29/2018 0:00,Standard Class,MH-18115,Mick Hernandez,Home Office,United States,Columbus,31907,OFF-BI-10002824,Office Supplies,Binders,Recycled Easel Ring Binders
477.51,11,219.6546,0,South,Louisiana,6693,CA-2018-160899,8/11/2018 0:00,8/13/2018 0:00,Second Class,DR-12940,Daniel Raglin,Home Office,United States,Lake Charles,70601,OFF-BI-10000632,Office Supplies,Binders,Satellite Sectional Post Binders
32.776,1,2.4582,0.2,South,North Carolina,6760,CA-2018-165715,12/2/2018 0:00,12/8/2018 0:00,Standard Class,BG-11035,Barry Gonzalez,Consumer,United States,Greensboro,27405,OFF-AR-10003903,Office Supplies,Art,Sanford 52201 APSCO Electric Pencil Sharpener
35.4,5,13.452,0,South,Georgia,6770,CA-2018-139787,9/19/2018 0:00,9/23/2018 0:00,Standard Class,JP-16135,Julie Prescott,Home Office,United States,Columbus,31907,OFF-AR-10002445,Office Supplies,Art,SANFORD Major Accent Highlighters
62.04,4,17.3712,0,South,Arkansas,6853,US-2018-162670,12/23/2018 0:00,12/28/2018 0:00,Second Class,MF-18250,Monica Federle,Corporate,United States,Little Rock,72209,OFF-ST-10001328,Office Supplies,Storage,"Personal Filing Tote with Lid, Black/Gray"
494.97,3,148.491,0,South,Arkansas,6854,US-2018-162670,12/23/2018 0:00,12/28/2018 0:00,Second Class,MF-18250,Monica Federle,Corporate,United States,Little Rock,72209,TEC-PH-10003601,Technology,Phones,"Ativa D5772 2-Line 5.8GHz Digital Expandable Corded/Cordless Phone System with Answering & Caller ID/Call Waiting, Black/Silver"
367.96,4,14.7184,0,South,Arkansas,6855,US-2018-162670,12/23/2018 0:00,12/28/2018 0:00,Second Class,MF-18250,Monica Federle,Corporate,United States,Little Rock,72209,OFF-ST-10001522,Office Supplies,Storage,"Gould Plastics 18-Pocket Panel Bin, 34w x 5-1/4d x 20-1/2h"
44.96,2,20.6816,0,South,Arkansas,6856,US-2018-162670,12/23/2018 0:00,12/28/2018 0:00,Second Class,MF-18250,Monica Federle,Corporate,United States,Little Rock,72209,OFF-PA-10001994,Office Supplies,Paper,"Ink Jet Note and Greeting Cards, 8-1/2"" x 5-1/2"" Card Size"
182.94,3,85.9818,0,South,Arkansas,6857,US-2018-162670,12/23/2018 0:00,12/28/2018 0:00,Second Class,MF-18250,Monica Federle,Corporate,United States,Little Rock,72209,OFF-EN-10001453,Office Supplies,Envelopes,"Tyvek Interoffice Envelopes, 9 1/2"" x 12 1/2"", 100/Box"
95.68,8,26.7904,0,South,Georgia,6890,CA-2018-164756,9/18/2018 0:00,9/22/2018 0:00,Standard Class,SS-20140,Saphhira Shifley,Corporate,United States,Columbus,31907,TEC-PH-10001552,Technology,Phones,I Need's 3d Hello Kitty Hybrid Silicone Case Cover for HTC One X 4g with 3d Hello Kitty Stylus Pen Green/pink
50.96,7,24.4608,0,South,Georgia,6891,CA-2018-164756,9/18/2018 0:00,9/22/2018 0:00,Standard Class,SS-20140,Saphhira Shifley,Corporate,United States,Columbus,31907,OFF-PA-10000673,Office Supplies,Paper,"Post-it ""Important Message"" Note Pad, Neon Colors, 50 Sheets/Pad"
113.94,3,34.182,0,South,Georgia,6892,CA-2018-164756,9/18/2018 0:00,9/22/2018 0:00,Standard Class,SS-20140,Saphhira Shifley,Corporate,United States,Columbus,31907,OFF-AR-10000380,Office Supplies,Art,"Hunt PowerHouse Electric Pencil Sharpener, Blue"
25.92,4,12.4416,0,South,Georgia,6893,CA-2018-164756,9/18/2018 0:00,9/22/2018 0:00,Standard Class,SS-20140,Saphhira Shifley,Corporate,United States,Columbus,31907,OFF-PA-10003848,Office Supplies,Paper,Xerox 1997
20.32,4,6.9088,0,South,Georgia,6894,CA-2018-164756,9/18/2018 0:00,9/22/2018 0:00,Standard Class,SS-20140,Saphhira Shifley,Corporate,United States,Columbus,31907,FUR-FU-10002963,Furniture,Furnishings,"Master Caster Door Stop, Gray"
411.98,2,119.4742,0,South,Georgia,6895,CA-2018-164756,9/18/2018 0:00,9/22/2018 0:00,Standard Class,SS-20140,Saphhira Shifley,Corporate,United States,Columbus,31907,TEC-PH-10002447,Technology,Phones,AT&T CL83451 4-Handset Telephone
34.48,2,9.9992,0,South,Georgia,6896,CA-2018-164756,9/18/2018 0:00,9/22/2018 0:00,Standard Class,SS-20140,Saphhira Shifley,Corporate,United States,Columbus,31907,OFF-SU-10004261,Office Supplies,Supplies,"Fiskars 8"" Scissors, 2/Pack"
244.55,5,114.9385,0,South,Georgia,6897,CA-2018-164756,9/18/2018 0:00,9/22/2018 0:00,Standard Class,SS-20140,Saphhira Shifley,Corporate,United States,Columbus,31907,OFF-PA-10003228,Office Supplies,Paper,Xerox 1917
14.76,2,4.2804,0,South,South Carolina,6909,US-2018-135503,12/10/2018 0:00,12/15/2018 0:00,Standard Class,JE-16165,Justin Ellison,Corporate,United States,North Charleston,29406,FUR-FU-10002364,Furniture,Furnishings,"Eldon Expressions Wood Desk Accessories, Oak"
48.87,9,23.9463,0,South,Georgia,6979,CA-2018-155159,11/25/2018 0:00,11/29/2018 0:00,Second Class,DL-13315,Delfina Latchford,Consumer,United States,Atlanta,30318,OFF-PA-10003724,Office Supplies,Paper,"Wirebound Message Book, 4 per Page"
1158.12,5,130.2885,0.2,South,Florida,6989,CA-2018-158561,11/11/2018 0:00,11/16/2018 0:00,Second Class,BB-11545,Brenda Bowman,Corporate,United States,Fort Lauderdale,33311,OFF-AP-10002651,Office Supplies,Appliances,Hoover Upright Vacuum With Dirt Cup
208.44,3,62.532,0,South,Kentucky,7000,CA-2018-123687,5/26/2018 0:00,5/29/2018 0:00,First Class,KC-16675,Kimberly Carter,Corporate,United States,Louisville,40214,OFF-AP-10002670,Office Supplies,Appliances,Belkin 8-Outlet Premiere SurgeMaster II Surge Protectors
25.76,2,0.7728,0,South,Kentucky,7001,CA-2018-123687,5/26/2018 0:00,5/29/2018 0:00,First Class,KC-16675,Kimberly Carter,Corporate,United States,Louisville,40214,OFF-SU-10004498,Office Supplies,Supplies,Martin-Yale Premier Letter Opener
12.96,2,6.2208,0,South,Georgia,7038,CA-2018-161970,9/22/2018 0:00,9/27/2018 0:00,Standard Class,PB-19105,Peter Bühler,Consumer,United States,Smyrna,30080,OFF-PA-10004255,Office Supplies,Paper,Xerox 219
17.94,3,6.4584,0,South,Georgia,7039,CA-2018-161970,9/22/2018 0:00,9/27/2018 0:00,Standard Class,PB-19105,Peter Bühler,Consumer,United States,Smyrna,30080,OFF-AR-10003896,Office Supplies,Art,"Stride Job 150 Highlighters, Chisel Tip, Assorted Colors"
141.96,2,35.49,0,South,Alabama,7151,CA-2018-100412,12/22/2018 0:00,12/26/2018 0:00,Standard Class,SR-20425,Sharelle Roach,Home Office,United States,Tuscaloosa,35401,FUR-CH-10002647,Furniture,Chairs,"Situations Contoured Folding Chairs, 4/Set"
181.86,7,50.9208,0,South,Virginia,7265,CA-2018-122056,6/13/2018 0:00,6/17/2018 0:00,Standard Class,PG-18895,Paul Gonzalez,Consumer,United States,Springfield,22153,OFF-AR-10004260,Office Supplies,Art,Boston 1799 Powerhouse Electric Pencil Sharpener
13.428,3,-11.19,0.7,South,Tennessee,7267,CA-2018-122987,8/16/2018 0:00,8/16/2018 0:00,Same Day,SJ-20215,Sarah Jordon,Consumer,United States,Columbia,38401,OFF-BI-10002824,Office Supplies,Binders,Recycled Easel Ring Binders
67.136,4,-0.8392,0.2,South,Tennessee,7268,CA-2018-122987,8/16/2018 0:00,8/16/2018 0:00,Same Day,SJ-20215,Sarah Jordon,Consumer,United States,Columbia,38401,OFF-ST-10004950,Office Supplies,Storage,Acco Perma 3000 Stacking Storage Drawers
649,2,-272.58,0.5,South,Tennessee,7293,CA-2018-109183,12/4/2018 0:00,12/9/2018 0:00,Standard Class,LR-16915,Lena Radford,Consumer,United States,Nashville,37211,TEC-MA-10001856,Technology,Machines,Okidata C610n Printer
97.184,2,6.074,0.2,South,Florida,7304,US-2018-117450,9/4/2018 0:00,9/8/2018 0:00,Standard Class,DO-13645,Doug O'Connell,Consumer,United States,Boynton Beach,33437,FUR-CH-10003817,Furniture,Chairs,"Global Value Steno Chair, Gray"
10.368,2,3.6288,0.2,South,Florida,7305,US-2018-117450,9/4/2018 0:00,9/8/2018 0:00,Standard Class,DO-13645,Doug O'Connell,Consumer,United States,Boynton Beach,33437,OFF-PA-10000289,Office Supplies,Paper,Xerox 213
721.875,6,-420,0.45,South,Florida,7345,CA-2018-168389,12/11/2018 0:00,12/17/2018 0:00,Standard Class,DV-13045,Darrin Van Huff,Corporate,United States,Jacksonville,32216,FUR-TA-10004289,Furniture,Tables,BoxOffice By Design Rectangular and Half-Moon Meeting Room Tables
73.568,4,-16.5528,0.2,South,Florida,7346,CA-2018-168389,12/11/2018 0:00,12/17/2018 0:00,Standard Class,DV-13045,Darrin Van Huff,Corporate,United States,Jacksonville,32216,TEC-PH-10003555,Technology,Phones,Motorola HK250 Universal Bluetooth Headset
13.584,1,1.3584,0.2,South,Florida,7347,CA-2018-168389,12/11/2018 0:00,12/17/2018 0:00,Standard Class,DV-13045,Darrin Van Huff,Corporate,United States,Jacksonville,32216,OFF-AR-10001958,Office Supplies,Art,Stanley Bostitch Contemporary Electric Pencil Sharpeners
64.784,1,-12.147,0.2,South,Florida,7348,CA-2018-168389,12/11/2018 0:00,12/17/2018 0:00,Standard Class,DV-13045,Darrin Van Huff,Corporate,United States,Jacksonville,32216,FUR-CH-10000225,Furniture,Chairs,"Global Geo Office Task Chair, Gray"
15.57,3,-11.937,0.7,South,Florida,7369,CA-2018-161851,4/15/2018 0:00,4/17/2018 0:00,First Class,BP-11095,Bart Pistole,Corporate,United States,Miami,33180,OFF-BI-10004654,Office Supplies,Binders,VariCap6 Expandable Binder
390.368,2,48.796,0.2,South,Tennessee,7390,CA-2018-108035,11/29/2018 0:00,12/3/2018 0:00,Standard Class,TT-21070,Ted Trevino,Consumer,United States,Chattanooga,37421,FUR-CH-10000454,Furniture,Chairs,"Hon Deluxe Fabric Upholstered Stacking Chairs, Rounded Back"
101.52,5,19.035,0.2,South,Tennessee,7391,CA-2018-108035,11/29/2018 0:00,12/3/2018 0:00,Standard Class,TT-21070,Ted Trevino,Consumer,United States,Chattanooga,37421,FUR-FU-10004017,Furniture,Furnishings,"Executive Impressions 13"" Chairman Wall Clock"
88.92,5,14.4495,0.2,South,Tennessee,7449,CA-2018-115448,11/11/2018 0:00,11/14/2018 0:00,First Class,MH-18025,Michelle Huthwaite,Consumer,United States,Knoxville,37918,FUR-FU-10004090,Furniture,Furnishings,"Executive Impressions 14"" Contract Wall Clock"
29.36,2,13.5056,0,South,Kentucky,7515,US-2018-167920,12/9/2018 0:00,12/12/2018 0:00,Second Class,JL-15835,John Lee,Consumer,United States,Richmond,40475,OFF-BI-10004236,Office Supplies,Binders,"XtraLife ClearVue Slant-D Ring Binder, White, 3"""
214.9,5,62.321,0,South,Kentucky,7516,US-2018-167920,12/9/2018 0:00,12/12/2018 0:00,Second Class,JL-15835,John Lee,Consumer,United States,Richmond,40475,OFF-AP-10000159,Office Supplies,Appliances,Belkin F9M820V08 8 Outlet Surge
15.92,4,7.4824,0,South,Kentucky,7517,US-2018-167920,12/9/2018 0:00,12/12/2018 0:00,Second Class,JL-15835,John Lee,Consumer,United States,Richmond,40475,OFF-BI-10003274,Office Supplies,Binders,"Avery Durable Slant Ring Binders, No Labels"
146.45,5,48.3285,0,South,Kentucky,7518,US-2018-167920,12/9/2018 0:00,12/12/2018 0:00,Second Class,JL-15835,John Lee,Consumer,United States,Richmond,40475,TEC-AC-10001013,Technology,Accessories,Logitech ClearChat Comfort/USB Headset H390
15.14,1,0.6056,0,South,Kentucky,7519,US-2018-167920,12/9/2018 0:00,12/12/2018 0:00,Second Class,JL-15835,John Lee,Consumer,United States,Richmond,40475,OFF-ST-10004963,Office Supplies,Storage,Eldon Gobal File Keepers
5.76,2,2.6496,0,South,Kentucky,7520,US-2018-167920,12/9/2018 0:00,12/12/2018 0:00,Second Class,JL-15835,John Lee,Consumer,United States,Richmond,40475,OFF-LA-10004409,Office Supplies,Labels,Avery 492
1399.98,2,629.991,0,South,Kentucky,7521,US-2018-167920,12/9/2018 0:00,12/12/2018 0:00,Second Class,JL-15835,John Lee,Consumer,United States,Richmond,40475,TEC-CO-10001046,Technology,Copiers,Canon Imageclass D680 Copier / Fax
196.784,2,-22.1382,0.2,South,North Carolina,7534,US-2018-134642,2/25/2018 0:00,3/1/2018 0:00,Standard Class,SW-20245,Scot Wooten,Consumer,United States,Greenville,27834,FUR-CH-10002880,Furniture,Chairs,"Global High-Back Leather Tilter, Burgundy"
231.92,5,5.798,0.2,South,North Carolina,7535,US-2018-134642,2/25/2018 0:00,3/1/2018 0:00,Standard Class,SW-20245,Scot Wooten,Consumer,United States,Greenville,27834,FUR-BO-10004709,Furniture,Bookcases,"Bush Westfield Collection Bookcases, Medium Cherry Finish"
1207.84,8,314.0384,0,South,Kentucky,7633,US-2018-158526,12/29/2018 0:00,1/1/2019 0:00,Second Class,KH-16360,Katherine Hughes,Consumer,United States,Louisville,40214,FUR-CH-10002602,Furniture,Chairs,DMI Arturo Collection Mission-style Design Wood Chair
12.53,1,5.8891,0,South,Kentucky,7634,US-2018-158526,12/29/2018 0:00,1/1/2019 0:00,Second Class,KH-16360,Katherine Hughes,Consumer,United States,Louisville,40214,OFF-BI-10002414,Office Supplies,Binders,GBC ProClick Spines for 32-Hole Punch
34.58,1,10.0282,0,South,Kentucky,7635,US-2018-158526,12/29/2018 0:00,1/1/2019 0:00,Second Class,KH-16360,Katherine Hughes,Consumer,United States,Louisville,40214,OFF-AR-10003696,Office Supplies,Art,Panasonic KP-350BK Electric Pencil Sharpener with Auto Stop
300.98,1,87.2842,0,South,Kentucky,7636,US-2018-158526,12/29/2018 0:00,1/1/2019 0:00,Second Class,KH-16360,Katherine Hughes,Consumer,United States,Louisville,40214,FUR-CH-10004495,Furniture,Chairs,"Global Leather and Oak Executive Chair, Black"
258.75,3,77.625,0,South,Kentucky,7637,US-2018-158526,12/29/2018 0:00,1/1/2019 0:00,Second Class,KH-16360,Katherine Hughes,Consumer,United States,Louisville,40214,FUR-CH-10001270,Furniture,Chairs,Harbour Creations Steel Folding Chair
15.92,5,2.786,0.2,South,North Carolina,7664,CA-2018-139493,9/13/2018 0:00,9/19/2018 0:00,Standard Class,SG-20605,Speros Goranitis,Consumer,United States,Asheville,28806,OFF-AR-10003158,Office Supplies,Art,Fluorescent Highlighters by Dixon
179.94,3,50.3832,0,South,Virginia,7690,US-2018-128951,7/15/2018 0:00,7/17/2018 0:00,First Class,RS-19420,Ricardo Sperren,Corporate,United States,Suffolk,23434,OFF-AP-10002191,Office Supplies,Appliances,Belkin 8 Outlet SurgeMaster II Gold Surge Protector
872.94,3,157.1292,0,South,Virginia,7691,US-2018-128951,7/15/2018 0:00,7/17/2018 0:00,First Class,RS-19420,Ricardo Sperren,Corporate,United States,Suffolk,23434,FUR-TA-10004575,Furniture,Tables,Hon 5100 Series Wood Tables
12.96,2,6.2208,0,South,Virginia,7692,US-2018-128951,7/15/2018 0:00,7/17/2018 0:00,First Class,RS-19420,Ricardo Sperren,Corporate,United States,Suffolk,23434,OFF-PA-10003177,Office Supplies,Paper,Xerox 1999
77.952,3,15.5904,0.2,South,North Carolina,7712,CA-2018-139353,10/28/2018 0:00,10/30/2018 0:00,Second Class,JM-15250,Janet Martin,Consumer,United States,Fayetteville,28314,FUR-FU-10001876,Furniture,Furnishings,"Computer Room Manger, 14"""
147.184,2,-29.4368,0.2,South,North Carolina,7713,CA-2018-139353,10/28/2018 0:00,10/30/2018 0:00,Second Class,JM-15250,Janet Martin,Consumer,United States,Fayetteville,28314,OFF-ST-10001522,Office Supplies,Storage,"Gould Plastics 18-Pocket Panel Bin, 34w x 5-1/4d x 20-1/2h"
47.952,3,16.1838,0.2,South,North Carolina,7714,CA-2018-139353,10/28/2018 0:00,10/30/2018 0:00,Second Class,JM-15250,Janet Martin,Consumer,United States,Fayetteville,28314,OFF-PA-10000300,Office Supplies,Paper,Xerox 1936
12.672,9,1.4256,0.2,South,North Carolina,7738,CA-2018-108287,12/18/2018 0:00,12/20/2018 0:00,First Class,AG-10330,Alex Grayson,Consumer,United States,Charlotte,28205,OFF-AR-10001315,Office Supplies,Art,Newell 310
268.24,7,93.884,0.2,South,North Carolina,7756,CA-2018-100902,11/17/2018 0:00,11/21/2018 0:00,Standard Class,CK-12595,Clytie Kelty,Consumer,United States,Charlotte,28205,OFF-PA-10002558,Office Supplies,Paper,Xerox 1938
431.16,5,107.79,0.2,South,North Carolina,7757,CA-2018-100902,11/17/2018 0:00,11/21/2018 0:00,Standard Class,CK-12595,Clytie Kelty,Consumer,United States,Charlotte,28205,TEC-AC-10003174,Technology,Accessories,Plantronics S12 Corded Telephone Headset System
26.72,5,9.352,0.2,South,Florida,7769,CA-2018-154088,11/12/2018 0:00,11/17/2018 0:00,Standard Class,LB-16735,Larry Blacks,Consumer,United States,Tallahassee,32303,OFF-PA-10003651,Office Supplies,Paper,Xerox 1968
320.64,4,89.7792,0,South,Mississippi,7855,CA-2018-135587,12/7/2018 0:00,12/12/2018 0:00,Standard Class,BH-11710,Brosina Hoffman,Consumer,United States,Hattiesburg,39401,OFF-AP-10004540,Office Supplies,Appliances,"Eureka The Boss Lite 10-Amp Upright Vacuum, Blue"
52,4,23.4,0,South,Mississippi,7856,CA-2018-135587,12/7/2018 0:00,12/12/2018 0:00,Standard Class,BH-11710,Brosina Hoffman,Consumer,United States,Hattiesburg,39401,TEC-AC-10001266,Technology,Accessories,Memorex Micro Travel Drive 8 GB
24,2,-2.7,0.2,South,North Carolina,7870,US-2018-166233,7/3/2018 0:00,7/9/2018 0:00,Standard Class,MO-17950,Michael Oakman,Consumer,United States,Jacksonville,28540,TEC-AC-10002167,Technology,Accessories,Imation 8gb Micro Traveldrive Usb 2.0 Flash Drive
272.048,7,30.6054,0.2,South,Tennessee,7898,CA-2018-128363,8/13/2018 0:00,8/18/2018 0:00,Standard Class,DC-12850,Dan Campbell,Consumer,United States,Memphis,38109,OFF-AP-10001563,Office Supplies,Appliances,Belkin Premiere Surge Master II 8-outlet surge protector
1614.582,6,-1237.8462,0.7,South,Tennessee,7899,CA-2018-128363,8/13/2018 0:00,8/18/2018 0:00,Standard Class,DC-12850,Dan Campbell,Consumer,United States,Memphis,38109,OFF-BI-10001359,Office Supplies,Binders,GBC DocuBind TL300 Electric Binding System
24.32,5,9.12,0.2,South,Tennessee,7900,CA-2018-128363,8/13/2018 0:00,8/18/2018 0:00,Standard Class,DC-12850,Dan Campbell,Consumer,United States,Memphis,38109,OFF-FA-10003495,Office Supplies,Fasteners,Staples
1.584,2,0.4752,0.2,South,Tennessee,7901,CA-2018-128363,8/13/2018 0:00,8/18/2018 0:00,Standard Class,DC-12850,Dan Campbell,Consumer,United States,Memphis,38109,TEC-AC-10003709,Technology,Accessories,Maxell 4.7GB DVD-R 5/Pack
31.984,1,0,0.2,South,Tennessee,7902,CA-2018-128363,8/13/2018 0:00,8/18/2018 0:00,Standard Class,DC-12850,Dan Campbell,Consumer,United States,Memphis,38109,FUR-FU-10003268,Furniture,Furnishings,Eldon Radial Chair Mat for Low to Medium Pile Carpets
14.76,5,4.797,0.2,South,Tennessee,7903,CA-2018-128363,8/13/2018 0:00,8/18/2018 0:00,Standard Class,DC-12850,Dan Campbell,Consumer,United States,Memphis,38109,OFF-EN-10003845,Office Supplies,Envelopes,Colored Envelopes
423.648,2,47.6604,0.2,South,Tennessee,7904,CA-2018-128363,8/13/2018 0:00,8/18/2018 0:00,Standard Class,DC-12850,Dan Campbell,Consumer,United States,Memphis,38109,FUR-CH-10002073,Furniture,Chairs,Hon Olson Stacker Chairs
383.96,5,38.396,0.2,South,Florida,7923,CA-2018-134096,9/24/2018 0:00,9/29/2018 0:00,Standard Class,PP-18955,Paul Prost,Home Office,United States,Hollywood,33021,TEC-PH-10000526,Technology,Phones,Vtech CS6719
15.57,3,-11.418,0.7,South,Florida,7924,CA-2018-134096,9/24/2018 0:00,9/29/2018 0:00,Standard Class,PP-18955,Paul Prost,Home Office,United States,Hollywood,33021,OFF-BI-10004002,Office Supplies,Binders,Wilson Jones International Size A4 Ring Binders
81.36,5,-19.323,0.2,South,Florida,7962,CA-2018-104864,11/18/2018 0:00,11/23/2018 0:00,Second Class,JS-15685,Jim Sink,Corporate,United States,Miramar,33023,OFF-ST-10002301,Office Supplies,Storage,Tennsco Commercial Shelving
20.232,8,-16.1856,0.7,South,Florida,7963,CA-2018-104864,11/18/2018 0:00,11/23/2018 0:00,Second Class,JS-15685,Jim Sink,Corporate,United States,Miramar,33023,OFF-BI-10001636,Office Supplies,Binders,Ibico Plastic and Wire Spiral Binding Combs
389.056,4,48.632,0.2,South,Florida,7964,CA-2018-104864,11/18/2018 0:00,11/23/2018 0:00,Second Class,JS-15685,Jim Sink,Corporate,United States,Miramar,33023,OFF-AP-10002684,Office Supplies,Appliances,"Acco 7-Outlet Masterpiece Power Center, Wihtout Fax/Phone Line Protection"
20.736,4,7.2576,0.2,South,Florida,7965,CA-2018-104864,11/18/2018 0:00,11/23/2018 0:00,Second Class,JS-15685,Jim Sink,Corporate,United States,Miramar,33023,OFF-PA-10004609,Office Supplies,Paper,Xerox 221
41.472,8,14.5152,0.2,South,Florida,7966,CA-2018-104864,11/18/2018 0:00,11/23/2018 0:00,Second Class,JS-15685,Jim Sink,Corporate,United States,Miramar,33023,OFF-PA-10003309,Office Supplies,Paper,Xerox 211
41.91,3,10.8966,0,South,Georgia,8038,CA-2018-169012,7/10/2018 0:00,7/14/2018 0:00,Standard Class,BF-11275,Beth Fritzler,Corporate,United States,Columbus,31907,OFF-AP-10003278,Office Supplies,Appliances,Belkin 7-Outlet SurgeMaster Home Series
16.272,3,5.2884,0.2,South,North Carolina,8048,CA-2018-130834,11/3/2018 0:00,11/6/2018 0:00,Second Class,JM-16195,Justin MacKendrick,Consumer,United States,Wilmington,28403,OFF-PA-10003673,Office Supplies,Paper,Strathmore Photo Mount Cards
28.08,3,5.265,0.2,South,North Carolina,8087,CA-2018-120894,4/28/2018 0:00,5/2/2018 0:00,Standard Class,JL-15130,Jack Lebron,Consumer,United States,Wilmington,28403,OFF-AP-10000252,Office Supplies,Appliances,Harmony HEPA Quiet Air Purifiers
49.12,4,23.0864,0,South,Virginia,8148,US-2018-146822,6/9/2018 0:00,6/14/2018 0:00,Standard Class,AG-10675,Anna Gayman,Consumer,United States,Salem,24153,OFF-PA-10000249,Office Supplies,Paper,Easy-staple paper
89.568,4,-1.1196,0.2,South,Tennessee,8197,CA-2018-102736,9/5/2018 0:00,9/9/2018 0:00,Standard Class,LP-17095,Liz Preis,Consumer,United States,Knoxville,37918,TEC-AC-10004568,Technology,Accessories,Maxell LTO Ultrium - 800 GB
71.96,5,7.196,0.2,South,Tennessee,8198,CA-2018-102736,9/5/2018 0:00,9/9/2018 0:00,Standard Class,LP-17095,Liz Preis,Consumer,United States,Knoxville,37918,OFF-AR-10001897,Office Supplies,Art,Model L Table or Wall-Mount Pencil Sharpener
15.552,3,5.4432,0.2,South,Tennessee,8199,CA-2018-102736,9/5/2018 0:00,9/9/2018 0:00,Standard Class,LP-17095,Liz Preis,Consumer,United States,Knoxville,37918,OFF-PA-10001800,Office Supplies,Paper,Xerox 220
81.568,2,7.1372,0.2,South,Tennessee,8211,CA-2018-128769,9/7/2018 0:00,9/12/2018 0:00,Standard Class,DM-12955,Dario Medina,Corporate,United States,Nashville,37211,OFF-AP-10001271,Office Supplies,Appliances,Eureka The Boss Cordless Rechargeable Stick Vac
3.328,2,0.416,0.2,South,Florida,8235,CA-2018-102204,5/1/2018 0:00,5/6/2018 0:00,Standard Class,CJ-12010,Caroline Jumper,Consumer,United States,Jacksonville,32216,OFF-SU-10001212,Office Supplies,Supplies,Kleencut Forged Office Shears by Acme United Corporation
933.262,4,-458.1468,0.45,South,Florida,8236,CA-2018-102204,5/1/2018 0:00,5/6/2018 0:00,Standard Class,CJ-12010,Caroline Jumper,Consumer,United States,Jacksonville,32216,FUR-TA-10001889,Furniture,Tables,Bush Advantage Collection Racetrack Conference Table
2803.92,5,0,0.2,South,Florida,8237,CA-2018-102204,5/1/2018 0:00,5/6/2018 0:00,Standard Class,CJ-12010,Caroline Jumper,Consumer,United States,Jacksonville,32216,FUR-CH-10002024,Furniture,Chairs,HON 5400 Series Task Chairs for Big and Tall
4.768,2,-0.7748,0.2,South,Florida,8238,CA-2018-103065,10/20/2018 0:00,10/20/2018 0:00,Same Day,PT-19090,Pete Takahito,Consumer,United States,Jacksonville,32216,OFF-ST-10000617,Office Supplies,Storage,Woodgrain Magazine Files by Perma
6.672,1,2.502,0.2,South,Florida,8239,CA-2018-103065,10/20/2018 0:00,10/20/2018 0:00,Same Day,PT-19090,Pete Takahito,Consumer,United States,Jacksonville,32216,OFF-PA-10000380,Office Supplies,Paper,"REDIFORM Incoming/Outgoing Call Register, 11"" X 8 1/2"", 100 Messages"
4.448,2,1.112,0.2,South,Florida,8240,CA-2018-103065,10/20/2018 0:00,10/20/2018 0:00,Same Day,PT-19090,Pete Takahito,Consumer,United States,Jacksonville,32216,OFF-AR-10003251,Office Supplies,Art,Prang Drawing Pencil Set
43.936,4,6.0412,0.2,South,Florida,8241,CA-2018-103065,10/20/2018 0:00,10/20/2018 0:00,Same Day,PT-19090,Pete Takahito,Consumer,United States,Jacksonville,32216,FUR-FU-10000175,Furniture,Furnishings,DAX Wood Document Frame.
675.06,3,87.7578,0,South,Georgia,8280,CA-2018-146192,4/22/2018 0:00,4/26/2018 0:00,Standard Class,BD-11725,Bruce Degenhardt,Consumer,United States,Columbus,31907,OFF-ST-10003716,Office Supplies,Storage,Tennsco Double-Tier Lockers
65.232,3,22.0158,0.2,South,North Carolina,8281,CA-2018-134810,5/9/2018 0:00,5/10/2018 0:00,First Class,MC-17605,Matt Connell,Corporate,United States,Jacksonville,28540,OFF-EN-10002504,Office Supplies,Envelopes,"Tyvek  Top-Opening Peel & Seel Envelopes, Plain White"
207,3,25.875,0.2,South,North Carolina,8282,CA-2018-134810,5/9/2018 0:00,5/10/2018 0:00,First Class,MC-17605,Matt Connell,Corporate,United States,Jacksonville,28540,FUR-CH-10001270,Furniture,Chairs,Harbour Creations Steel Folding Chair
62.72,4,24.4608,0,South,Georgia,8312,US-2018-105935,1/26/2018 0:00,1/31/2018 0:00,Standard Class,BD-11500,Bradley Drucker,Consumer,United States,Columbus,31907,FUR-FU-10002157,Furniture,Furnishings,Artistic Insta-Plaque
2939.93,7,764.3818,0,South,Georgia,8313,US-2018-105935,1/26/2018 0:00,1/31/2018 0:00,Standard Class,BD-11500,Bradley Drucker,Consumer,United States,Columbus,31907,TEC-PH-10001459,Technology,Phones,Samsung Galaxy Mega 6.3
1.752,1,0.1533,0.2,South,North Carolina,8318,CA-2018-130904,4/11/2018 0:00,4/16/2018 0:00,Standard Class,HM-14980,Henry MacAllister,Consumer,United States,Burlington,27217,OFF-AR-10000422,Office Supplies,Art,Pencil and Crayon Sharpener
20.992,8,2.3616,0.2,South,North Carolina,8319,CA-2018-130904,4/11/2018 0:00,4/16/2018 0:00,Standard Class,HM-14980,Henry MacAllister,Consumer,United States,Burlington,27217,OFF-AR-10000127,Office Supplies,Art,Newell 321
61.68,5,5.397,0.2,South,Florida,8325,CA-2018-144456,9/8/2018 0:00,9/9/2018 0:00,First Class,FC-14245,Frank Carlisle,Home Office,United States,Hialeah,33012,OFF-ST-10001321,Office Supplies,Storage,"Decoflex Hanging Personal Folder File, Blue"
158.376,3,13.8579,0.2,South,Florida,8326,CA-2018-144456,9/8/2018 0:00,9/9/2018 0:00,First Class,FC-14245,Frank Carlisle,Home Office,United States,Hialeah,33012,TEC-PH-10001750,Technology,Phones,Samsung Rugby III
751.984,2,84.5982,0.2,South,Florida,8365,CA-2018-137631,4/28/2018 0:00,5/2/2018 0:00,Standard Class,JL-15235,Janet Lee,Consumer,United States,Kissimmee,34741,TEC-PH-10002624,Technology,Phones,Samsung Galaxy S4 Mini
64.384,1,8.048,0.2,South,Florida,8377,CA-2018-156272,3/21/2018 0:00,3/27/2018 0:00,Standard Class,PW-19030,Pauline Webber,Corporate,United States,Pompano Beach,33068,OFF-AP-10001242,Office Supplies,Appliances,APC 7 Outlet Network SurgeArrest Surge Protector
387.136,4,-14.5176,0.2,South,Tennessee,8470,US-2018-132031,4/23/2018 0:00,4/27/2018 0:00,Standard Class,PN-18775,Parhena Norris,Home Office,United States,Clarksville,37042,FUR-BO-10001972,Furniture,Bookcases,O'Sullivan 4-Shelf Bookcase in Odessa Pine
45.408,2,11.9196,0.2,South,Tennessee,8471,US-2018-132031,4/23/2018 0:00,4/27/2018 0:00,Standard Class,PN-18775,Parhena Norris,Home Office,United States,Clarksville,37042,TEC-AC-10002473,Technology,Accessories,Maxell 4.7GB DVD-R
77.952,3,-11.6928,0.2,South,Tennessee,8472,US-2018-132031,4/23/2018 0:00,4/27/2018 0:00,Standard Class,PN-18775,Parhena Norris,Home Office,United States,Clarksville,37042,FUR-FU-10000193,Furniture,Furnishings,Tenex Chairmats For Use with Hard Floors
3,1,1.05,0.2,South,Tennessee,8473,US-2018-132031,4/23/2018 0:00,4/27/2018 0:00,Standard Class,PN-18775,Parhena Norris,Home Office,United States,Clarksville,37042,OFF-LA-10000081,Office Supplies,Labels,Avery 496
20.736,4,7.2576,0.2,South,Florida,8514,CA-2018-141614,6/5/2018 0:00,6/9/2018 0:00,Standard Class,NS-18640,Noel Staavos,Corporate,United States,Orlando,32839,OFF-PA-10002787,Office Supplies,Paper,Xerox 227
239.92,8,23.992,0,South,Alabama,8554,US-2018-102904,11/13/2018 0:00,11/20/2018 0:00,Standard Class,CB-12025,Cassandra Brandow,Consumer,United States,Decatur,35601,TEC-AC-10000927,Technology,Accessories,Anker Ultrathin Bluetooth Wireless Keyboard Aluminum Cover with Stand
4.842,3,-3.5508,0.7,South,Florida,8564,US-2018-108315,4/30/2018 0:00,5/4/2018 0:00,Standard Class,MH-18115,Mick Hernandez,Home Office,United States,Sanford,32771,OFF-BI-10000822,Office Supplies,Binders,"Acco PRESSTEX Data Binder with Storage Hooks, Light Blue, 9 1/2"" X 11"""
220.704,6,-8.2764,0.2,South,Florida,8565,US-2018-108315,4/30/2018 0:00,5/4/2018 0:00,Standard Class,MH-18115,Mick Hernandez,Home Office,United States,Sanford,32771,FUR-FU-10000747,Furniture,Furnishings,Tenex B1-RE Series Chair Mats for Low Pile Carpets
14.336,4,0.896,0.2,South,Florida,8576,CA-2018-101273,8/27/2018 0:00,8/30/2018 0:00,Second Class,ST-20530,Shui Tom,Consumer,United States,Port Saint Lucie,34952,OFF-AP-10000804,Office Supplies,Appliances,Hoover Portapower Portable Vacuum
191.976,3,38.3952,0.2,South,Florida,8594,CA-2018-159667,11/9/2018 0:00,11/13/2018 0:00,Standard Class,PM-19135,Peter McVee,Home Office,United States,Jacksonville,32216,TEC-AC-10002567,Technology,Accessories,Logitech G602 Wireless Gaming Mouse
499.168,4,31.198,0.2,South,Florida,8595,CA-2018-159667,11/9/2018 0:00,11/13/2018 0:00,Standard Class,PM-19135,Peter McVee,Home Office,United States,Jacksonville,32216,TEC-PH-10004094,Technology,Phones,Motorola L703CM
20.768,2,2.3364,0.2,South,Tennessee,8622,CA-2018-104318,5/13/2018 0:00,5/18/2018 0:00,Standard Class,FH-14275,Frank Hawley,Corporate,United States,Franklin,37064,OFF-AP-10000358,Office Supplies,Appliances,Fellowes Basic Home/Office Series Surge Protectors
723.92,5,-81.441,0.2,South,Florida,8661,CA-2018-124765,11/25/2018 0:00,11/30/2018 0:00,Standard Class,HZ-14950,Henia Zydlo,Consumer,United States,Fort Lauderdale,33311,FUR-BO-10003965,Furniture,Bookcases,O'Sullivan Manor Hill 2-Door Library in Brianna Oak
239.976,3,26.9973,0.2,South,Tennessee,8697,CA-2018-119284,6/15/2018 0:00,6/20/2018 0:00,Standard Class,TS-21205,Thomas Seio,Corporate,United States,Nashville,37211,TEC-PH-10001051,Technology,Phones,HTC One
31.168,4,9.3504,0.2,South,Tennessee,8698,CA-2018-119284,6/15/2018 0:00,6/20/2018 0:00,Standard Class,TS-21205,Thomas Seio,Corporate,United States,Nashville,37211,FUR-FU-10004351,Furniture,Furnishings,Staple-based wall hangings
120.96,2,-28.224,0.4,South,Tennessee,8699,CA-2018-119284,6/15/2018 0:00,6/20/2018 0:00,Standard Class,TS-21205,Thomas Seio,Corporate,United States,Nashville,37211,FUR-TA-10004152,Furniture,Tables,"Barricks 18"" x 48"" Non-Folding Utility Table with Bottom Storage Shelf"
2239.936,8,223.9936,0.2,South,Tennessee,8700,CA-2018-119284,6/15/2018 0:00,6/20/2018 0:00,Standard Class,TS-21205,Thomas Seio,Corporate,United States,Nashville,37211,TEC-PH-10000560,Technology,Phones,Samsung Galaxy S III - 16GB - pebble blue (T-Mobile)
76.608,8,6.7032,0.2,South,Tennessee,8701,CA-2018-119284,6/15/2018 0:00,6/20/2018 0:00,Standard Class,TS-21205,Thomas Seio,Corporate,United States,Nashville,37211,OFF-AP-10004249,Office Supplies,Appliances,Staple holder
142.776,1,17.847,0.2,South,Tennessee,8702,CA-2018-119284,6/15/2018 0:00,6/20/2018 0:00,Standard Class,TS-21205,Thomas Seio,Corporate,United States,Nashville,37211,OFF-ST-10001490,Office Supplies,Storage,"Hot File 7-Pocket, Floor Stand"
91.36,5,29.692,0.2,South,Tennessee,8703,CA-2018-119284,6/15/2018 0:00,6/20/2018 0:00,Standard Class,TS-21205,Thomas Seio,Corporate,United States,Nashville,37211,OFF-PA-10000312,Office Supplies,Paper,Xerox 1955
8.1,5,-5.94,0.7,South,Tennessee,8738,CA-2018-161592,4/6/2018 0:00,4/10/2018 0:00,Standard Class,CS-12175,Charles Sheldon,Corporate,United States,Chattanooga,37421,OFF-BI-10003669,Office Supplies,Binders,3M Organizer Strips
942.784,4,94.2784,0.2,South,North Carolina,8772,CA-2018-115882,9/14/2018 0:00,9/17/2018 0:00,First Class,DB-13555,Dorothy Badders,Corporate,United States,Raleigh,27604,OFF-AP-10002534,Office Supplies,Appliances,3.6 Cubic Foot Counter Height Office Refrigerator
74.352,3,23.235,0.2,South,North Carolina,8773,CA-2018-115882,9/14/2018 0:00,9/17/2018 0:00,First Class,DB-13555,Dorothy Badders,Corporate,United States,Raleigh,27604,OFF-PA-10001125,Office Supplies,Paper,Xerox 1988
4.608,2,1.6704,0.2,South,Tennessee,8785,US-2018-129224,3/17/2018 0:00,3/23/2018 0:00,Standard Class,AS-10630,Ann Steele,Home Office,United States,Knoxville,37918,OFF-LA-10003190,Office Supplies,Labels,Avery 474
698.352,3,52.3764,0.2,South,North Carolina,8789,CA-2018-126914,6/15/2018 0:00,6/19/2018 0:00,Standard Class,JE-15715,Joe Elijah,Consumer,United States,Monroe,28110,FUR-CH-10000847,Furniture,Chairs,Global Executive Mid-Back Manager's Chair
77.728,2,-3.8864,0.2,South,North Carolina,8790,CA-2018-126914,6/15/2018 0:00,6/19/2018 0:00,Standard Class,JE-15715,Joe Elijah,Consumer,United States,Monroe,28110,FUR-BO-10000468,Furniture,Bookcases,O'Sullivan 2-Shelf Heavy-Duty Bookcases
959.984,2,311.9948,0.2,South,Florida,8821,CA-2018-100622,11/3/2018 0:00,11/7/2018 0:00,Standard Class,DK-13090,Dave Kipp,Consumer,United States,Orlando,32839,TEC-CO-10003236,Technology,Copiers,Canon Image Class D660 Copier
4.086,2,-2.9964,0.7,South,Florida,8822,CA-2018-100622,11/3/2018 0:00,11/7/2018 0:00,Standard Class,DK-13090,Dave Kipp,Consumer,United States,Orlando,32839,OFF-BI-10002982,Office Supplies,Binders,Avery Self-Adhesive Photo Pockets for Polaroid Photos
55.984,2,4.1988,0.2,South,Florida,8823,CA-2018-100622,11/3/2018 0:00,11/7/2018 0:00,Standard Class,DK-13090,Dave Kipp,Consumer,United States,Orlando,32839,OFF-AR-10004010,Office Supplies,Art,Hunt Boston Vacuum Mount KS Pencil Sharpener
10.688,2,3.7408,0.2,South,Florida,8824,CA-2018-100622,11/3/2018 0:00,11/7/2018 0:00,Standard Class,DK-13090,Dave Kipp,Consumer,United States,Orlando,32839,OFF-PA-10002947,Office Supplies,Paper,Xerox 1923
15.51,1,3.8775,0,South,Georgia,8834,US-2018-132675,9/24/2018 0:00,9/28/2018 0:00,Standard Class,KF-16285,Karen Ferguson,Home Office,United States,Sandy Springs,30328,OFF-ST-10004950,Office Supplies,Storage,"Tenex Personal Filing Tote With Secure Closure Lid, Black/Frost"
89.9,2,25.172,0,South,Georgia,8835,US-2018-132675,9/24/2018 0:00,9/28/2018 0:00,Standard Class,KF-16285,Karen Ferguson,Home Office,United States,Sandy Springs,30328,TEC-PH-10003171,Technology,Phones,Plantronics Encore H101 Dual Earpieces Headset
14.28,4,3.7128,0,South,Georgia,8836,US-2018-132675,9/24/2018 0:00,9/28/2018 0:00,Standard Class,KF-16285,Karen Ferguson,Home Office,United States,Sandy Springs,30328,OFF-AR-10000614,Office Supplies,Art,Barrel Sharpener
12.72,3,4.9608,0,South,Georgia,8837,US-2018-132675,9/24/2018 0:00,9/28/2018 0:00,Standard Class,KF-16285,Karen Ferguson,Home Office,United States,Sandy Springs,30328,OFF-AR-10000034,Office Supplies,Art,"BIC Brite Liner Grip Highlighters, Assorted, 5/Pack"
15.75,5,7.56,0,South,Georgia,8838,US-2018-132675,9/24/2018 0:00,9/28/2018 0:00,Standard Class,KF-16285,Karen Ferguson,Home Office,United States,Sandy Springs,30328,OFF-LA-10003766,Office Supplies,Labels,Self-Adhesive Removable Labels
35.96,1,3.596,0.2,South,North Carolina,8860,US-2018-114356,8/20/2018 0:00,8/26/2018 0:00,Standard Class,TT-21460,Tonja Turnell,Home Office,United States,Charlotte,28205,TEC-PH-10003171,Technology,Phones,Plantronics Encore H101 Dual Earpieces Headset
15.984,2,1.3986,0.2,South,North Carolina,8883,US-2018-115252,10/20/2018 0:00,10/25/2018 0:00,Standard Class,MY-18295,Muhammed Yedwab,Corporate,United States,Durham,27707,TEC-PH-10004071,Technology,Phones,PayAnywhere Card Reader
14.352,3,4.485,0.2,South,North Carolina,8884,US-2018-115252,10/20/2018 0:00,10/25/2018 0:00,Standard Class,MY-18295,Muhammed Yedwab,Corporate,United States,Durham,27707,OFF-PA-10001667,Office Supplies,Paper,Great White Multi-Use Recycled Paper (20Lb. and 84 Bright)
95.976,3,15.5961,0.2,South,Tennessee,8911,CA-2018-102610,11/4/2018 0:00,11/8/2018 0:00,Standard Class,CA-12265,Christina Anderson,Consumer,United States,Chattanooga,37421,TEC-AC-10000303,Technology,Accessories,Logitech M510 Wireless Mouse
143.928,9,-32.3838,0.2,South,Tennessee,8912,CA-2018-102610,11/4/2018 0:00,11/8/2018 0:00,Standard Class,CA-12265,Christina Anderson,Consumer,United States,Chattanooga,37421,TEC-PH-10000127,Technology,Phones,iOttie XL Car Mount
3.564,2,-2.97,0.7,South,Tennessee,8913,CA-2018-102610,11/4/2018 0:00,11/8/2018 0:00,Standard Class,CA-12265,Christina Anderson,Consumer,United States,Chattanooga,37421,OFF-BI-10004364,Office Supplies,Binders,Storex Dura Pro Binders
4.928,2,1.7248,0.2,South,Tennessee,8914,CA-2018-102610,11/4/2018 0:00,11/8/2018 0:00,Standard Class,CA-12265,Christina Anderson,Consumer,United States,Chattanooga,37421,OFF-LA-10002195,Office Supplies,Labels,Avery 481
4.572,4,-3.81,0.7,South,North Carolina,8924,CA-2018-133928,6/11/2018 0:00,6/17/2018 0:00,Standard Class,ZC-21910,Zuschuss Carroll,Consumer,United States,Hickory,28601,OFF-BI-10001525,Office Supplies,Binders,"Acco Pressboard Covers with Storage Hooks, 14 7/8"" x 11"", Executive Red"
934.956,6,-249.3216,0.4,South,Tennessee,8950,CA-2018-150910,12/22/2018 0:00,12/28/2018 0:00,Standard Class,JL-15130,Jack Lebron,Consumer,United States,Jackson,38301,FUR-TA-10002903,Furniture,Tables,"Bevis Round Bullnose 29"" High Table Top"
46.864,2,7.6154,0.2,South,Tennessee,8951,CA-2018-150910,12/22/2018 0:00,12/28/2018 0:00,Standard Class,JL-15130,Jack Lebron,Consumer,United States,Jackson,38301,TEC-AC-10001013,Technology,Accessories,Logitech ClearChat Comfort/USB Headset H390
26.16,3,1.962,0.2,South,Tennessee,8952,CA-2018-150910,12/22/2018 0:00,12/28/2018 0:00,Standard Class,JL-15130,Jack Lebron,Consumer,United States,Jackson,38301,OFF-ST-10000918,Office Supplies,Storage,Crate-A-Files
23.128,7,2.891,0.2,South,Tennessee,8953,CA-2018-150910,12/22/2018 0:00,12/28/2018 0:00,Standard Class,JL-15130,Jack Lebron,Consumer,United States,Jackson,38301,OFF-AR-10001419,Office Supplies,Art,Newell 325
59.24,5,16.291,0.2,South,Tennessee,8954,CA-2018-150910,12/22/2018 0:00,12/28/2018 0:00,Standard Class,JL-15130,Jack Lebron,Consumer,United States,Jackson,38301,OFF-AP-10003266,Office Supplies,Appliances,"Holmes Replacement Filter for HEPA Air Cleaner, Large Room"
21,3,5.775,0.2,South,Florida,8957,CA-2018-105620,12/25/2018 0:00,12/28/2018 0:00,First Class,JH-15430,Jennifer Halladay,Consumer,United States,Hialeah,33012,FUR-FU-10004963,Furniture,Furnishings,"Eldon 400 Class Desk Accessories, Black Carbon"
120,2,-7.2,0.5,South,Florida,8958,CA-2018-105620,12/25/2018 0:00,12/28/2018 0:00,First Class,JH-15430,Jennifer Halladay,Consumer,United States,Hialeah,33012,TEC-MA-10004626,Technology,Machines,Lexmark 20R1285 X6650 Wireless All-in-One Printer
18.528,2,4.4004,0.2,South,Tennessee,8993,CA-2018-159100,10/16/2018 0:00,10/21/2018 0:00,Standard Class,VP-21760,Victoria Pisteka,Corporate,United States,Columbia,38401,TEC-AC-10003499,Technology,Accessories,Memorex Mini Travel Drive 8 GB USB 2.0 Flash Drive
1875.258,7,-968.8833,0.4,South,Tennessee,8994,CA-2018-159100,10/16/2018 0:00,10/21/2018 0:00,Standard Class,VP-21760,Victoria Pisteka,Corporate,United States,Columbia,38401,FUR-TA-10001950,Furniture,Tables,Balt Solid Wood Round Tables
26.16,4,12.8184,0,South,Alabama,9011,CA-2018-127803,5/19/2018 0:00,5/23/2018 0:00,Standard Class,ND-18460,Neil Ducich,Corporate,United States,Huntsville,35810,OFF-BI-10001787,Office Supplies,Binders,Wilson Jones Four-Pocket Poly Binders
23.08,2,6.924,0,South,Virginia,9067,CA-2018-152968,5/26/2018 0:00,5/30/2018 0:00,Standard Class,BM-11785,Bryan Mills,Consumer,United States,Harrisonburg,22801,TEC-AC-10000521,Technology,Accessories,"Verbatim Slim CD and DVD Storage Cases, 50/Pack"
5.56,2,1.4456,0,South,Virginia,9083,CA-2018-169005,11/2/2018 0:00,11/6/2018 0:00,Standard Class,BG-11035,Barry Gonzalez,Consumer,United States,Springfield,22153,OFF-AR-10000246,Office Supplies,Art,Newell 318
348.56,8,104.568,0,South,Kentucky,9091,US-2018-148831,10/13/2018 0:00,10/15/2018 0:00,First Class,AH-10210,Alan Hwang,Consumer,United States,Louisville,40214,OFF-ST-10002974,Office Supplies,Storage,"Trav-L-File Heavy-Duty Shuttle II, Black"
11.07,3,5.2029,0,South,Louisiana,9221,CA-2018-103212,10/13/2018 0:00,10/14/2018 0:00,First Class,MH-18025,Michelle Huthwaite,Consumer,United States,Lafayette,70506,OFF-LA-10000248,Office Supplies,Labels,Avery 52
1504.52,4,346.0396,0,South,Louisiana,9222,CA-2018-103212,10/13/2018 0:00,10/14/2018 0:00,First Class,MH-18025,Michelle Huthwaite,Consumer,United States,Lafayette,70506,FUR-TA-10003473,Furniture,Tables,Bretford Rectangular Conference Table Tops
25.92,4,12.4416,0,South,Louisiana,9223,CA-2018-103212,10/13/2018 0:00,10/14/2018 0:00,First Class,MH-18025,Michelle Huthwaite,Consumer,United States,Lafayette,70506,OFF-PA-10004355,Office Supplies,Paper,Xerox 231
56.784,7,20.5842,0.2,South,Florida,9240,CA-2018-110310,10/27/2018 0:00,11/2/2018 0:00,Standard Class,NB-18655,Nona Balk,Corporate,United States,Tallahassee,32303,OFF-PA-10001685,Office Supplies,Paper,Easy-staple paper
5.607,3,-3.9249,0.7,South,Florida,9241,CA-2018-110310,10/27/2018 0:00,11/2/2018 0:00,Standard Class,NB-18655,Nona Balk,Corporate,United States,Tallahassee,32303,OFF-BI-10001097,Office Supplies,Binders,Avery Hole Reinforcements
6.576,3,0.5754,0.2,South,Florida,9242,CA-2018-110310,10/27/2018 0:00,11/2/2018 0:00,Standard Class,NB-18655,Nona Balk,Corporate,United States,Tallahassee,32303,OFF-AR-10001662,Office Supplies,Art,Rogers Handheld Barrel Pencil Sharpener
199.95,5,63.984,0,South,Arkansas,9253,CA-2018-102309,9/23/2018 0:00,9/25/2018 0:00,Second Class,DO-13645,Doug O'Connell,Consumer,United States,Pine Bluff,71603,TEC-AC-10001114,Technology,Accessories,Microsoft Wireless Mobile Mouse 4000
12.96,2,6.2208,0,South,Arkansas,9254,CA-2018-102309,9/23/2018 0:00,9/25/2018 0:00,Second Class,DO-13645,Doug O'Connell,Consumer,United States,Pine Bluff,71603,OFF-PA-10002005,Office Supplies,Paper,Xerox 225
11.673,3,-7.782,0.7,South,Tennessee,9265,US-2018-128118,11/24/2018 0:00,12/1/2018 0:00,Standard Class,MY-17380,Maribeth Yedwab,Corporate,United States,Memphis,38109,OFF-BI-10000216,Office Supplies,Binders,"Mead 1st Gear 2"" Zipper Binder, Asst. Colors"
64.848,7,24.318,0.2,South,Tennessee,9266,US-2018-128118,11/24/2018 0:00,12/1/2018 0:00,Standard Class,MY-17380,Maribeth Yedwab,Corporate,United States,Memphis,38109,OFF-EN-10003448,Office Supplies,Envelopes,"Peel & Seel Recycled Catalog Envelopes, Brown"
1577.94,3,757.4112,0,South,Kentucky,9274,CA-2018-146983,9/2/2018 0:00,9/6/2018 0:00,Standard Class,AH-10210,Alan Hwang,Consumer,United States,Henderson,42420,OFF-BI-10003650,Office Supplies,Binders,GBC DocuBind 300 Electric Binding Machine
67.9,5,20.37,0,South,Virginia,9282,US-2018-152898,9/11/2018 0:00,9/15/2018 0:00,Standard Class,CB-12025,Cassandra Brandow,Consumer,United States,Richmond,23223,OFF-AP-10000027,Office Supplies,Appliances,Hoover Commercial SteamVac
195.68,4,50.8768,0,South,Kentucky,9333,CA-2018-127726,9/11/2018 0:00,9/13/2018 0:00,Second Class,SS-20410,Shahid Shariari,Consumer,United States,Georgetown,40324,OFF-AP-10002578,Office Supplies,Appliances,"Fellowes Premier Superior Surge Suppressor, 10-Outlet, With Phone and Remote"
14.2,4,6.674,0,South,Kentucky,9334,CA-2018-127726,9/11/2018 0:00,9/13/2018 0:00,Second Class,SS-20410,Shahid Shariari,Consumer,United States,Georgetown,40324,OFF-FA-10000992,Office Supplies,Fasteners,"Acco Clips to Go Binder Clips, 24 Clips in Two Sizes"
314.352,3,-15.7176,0.2,South,Florida,9335,CA-2018-110198,5/1/2018 0:00,5/2/2018 0:00,First Class,AG-10900,Arthur Gainer,Consumer,United States,Coral Springs,33065,FUR-BO-10001798,Furniture,Bookcases,Bush Somerset Collection Bookcase
4.608,2,1.4976,0.2,South,Florida,9336,CA-2018-110198,5/1/2018 0:00,5/2/2018 0:00,First Class,AG-10900,Arthur Gainer,Consumer,United States,Coral Springs,33065,OFF-LA-10004409,Office Supplies,Labels,Avery 492
16.256,2,1.2192,0.2,South,Florida,9443,CA-2018-165904,4/7/2018 0:00,4/11/2018 0:00,Standard Class,HR-14770,Hallie Redmond,Home Office,United States,Jacksonville,32216,OFF-AR-10003156,Office Supplies,Art,50 Colored Long Pencils
219.184,2,19.1786,0.2,South,Florida,9444,CA-2018-165904,4/7/2018 0:00,4/11/2018 0:00,Standard Class,HR-14770,Hallie Redmond,Home Office,United States,Jacksonville,32216,TEC-PH-10000576,Technology,Phones,AT&T 1080 Corded phone
27.192,3,0.3399,0.2,South,North Carolina,9457,CA-2018-151855,5/27/2018 0:00,6/3/2018 0:00,Standard Class,BW-11110,Bart Watters,Corporate,United States,Greensboro,27405,TEC-AC-10002380,Technology,Accessories,Sony 8GB Class 10 Micro SDHC R40 Memory Card
12.06,5,-10.05,0.7,South,North Carolina,9458,CA-2018-151855,5/27/2018 0:00,6/3/2018 0:00,Standard Class,BW-11110,Bart Watters,Corporate,United States,Greensboro,27405,OFF-BI-10004209,Office Supplies,Binders,"Fellowes Twister Kit, Gray/Clear, 3/pkg"
701.96,2,168.4704,0,South,Kentucky,9463,US-2018-109610,11/25/2018 0:00,11/30/2018 0:00,Second Class,BS-11590,Brendan Sweed,Corporate,United States,Louisville,40214,FUR-CH-10001854,Furniture,Chairs,Office Star - Professional Matrix Back Chair with 2-to-1 Synchro Tilt and Mesh Fabric Seat
11.68,4,5.256,0,South,Mississippi,9612,CA-2018-144365,10/24/2018 0:00,10/30/2018 0:00,Standard Class,CS-11950,Carlos Soltero,Consumer,United States,Jackson,39212,OFF-FA-10000735,Office Supplies,Fasteners,Staples
14.94,3,6.8724,0,South,Alabama,9670,CA-2018-145275,4/2/2018 0:00,4/6/2018 0:00,Standard Class,AH-10465,Amy Hunt,Consumer,United States,Decatur,35601,OFF-LA-10001569,Office Supplies,Labels,Avery 499
32.4,5,15.552,0,South,Virginia,9689,US-2018-135986,6/20/2018 0:00,6/27/2018 0:00,Standard Class,PG-18895,Paul Gonzalez,Consumer,United States,Richmond,23223,OFF-PA-10001534,Office Supplies,Paper,Xerox 230
503.96,4,125.99,0,South,Virginia,9690,US-2018-135986,6/20/2018 0:00,6/27/2018 0:00,Standard Class,PG-18895,Paul Gonzalez,Consumer,United States,Richmond,23223,TEC-PH-10003691,Technology,Phones,BlackBerry Q10
8.26,2,3.7996,0,South,Virginia,9754,CA-2018-113705,3/27/2018 0:00,3/29/2018 0:00,Second Class,LC-16870,Lena Cacioppo,Consumer,United States,Richmond,23223,OFF-LA-10000476,Office Supplies,Labels,"Avery 05222 Permanent Self-Adhesive File Folder Labels for Typewriters, on Rolls, White, 250/Roll"
17.76,2,8.88,0,South,Virginia,9755,CA-2018-113705,3/27/2018 0:00,3/29/2018 0:00,Second Class,LC-16870,Lena Cacioppo,Consumer,United States,Richmond,23223,OFF-BI-10001679,Office Supplies,Binders,GBC Instant Index System for Binding Systems
332.94,3,9.9882,0,South,Virginia,9756,CA-2018-113705,3/27/2018 0:00,3/29/2018 0:00,Second Class,LC-16870,Lena Cacioppo,Consumer,United States,Richmond,23223,OFF-ST-10001128,Office Supplies,Storage,"Carina Mini System Audio Rack, Model AR050B"
292.1,2,58.42,0,South,Virginia,9757,CA-2018-113705,3/27/2018 0:00,3/29/2018 0:00,Second Class,LC-16870,Lena Cacioppo,Consumer,United States,Richmond,23223,FUR-TA-10002533,Furniture,Tables,BPI Conference Tables
206.1,5,55.647,0,South,Virginia,9758,CA-2018-113705,3/27/2018 0:00,3/29/2018 0:00,Second Class,LC-16870,Lena Cacioppo,Consumer,United States,Richmond,23223,TEC-PH-10004006,Technology,Phones,Panasonic KX - TS880B Telephone
17.64,4,8.1144,0,South,Virginia,9759,CA-2018-113705,3/27/2018 0:00,3/29/2018 0:00,Second Class,LC-16870,Lena Cacioppo,Consumer,United States,Richmond,23223,OFF-PA-10002615,Office Supplies,Paper,"Ampad Gold Fibre Wirebound Steno Books, 6"" x 9"", Gregg Ruled"
4.3,2,1.419,0,South,Arkansas,9761,CA-2018-159135,11/4/2018 0:00,11/8/2018 0:00,Standard Class,KM-16375,Katherine Murray,Home Office,United States,Springdale,72762,OFF-AR-10000657,Office Supplies,Art,"Binney & Smith inkTank Desk Highlighter, Chisel Tip, Yellow, 12/Box"
194.848,4,12.178,0.2,South,North Carolina,9808,CA-2018-107209,7/27/2018 0:00,8/1/2018 0:00,Second Class,JW-15955,Joni Wasserman,Consumer,United States,Raleigh,27604,FUR-CH-10001146,Furniture,Chairs,"Global Value Mid-Back Manager's Chair, Gray"
242.352,3,15.147,0.2,South,North Carolina,9830,US-2018-152842,7/16/2018 0:00,7/23/2018 0:00,Standard Class,NF-18385,Natalie Fritzler,Consumer,United States,Charlotte,28205,FUR-CH-10004218,Furniture,Chairs,"Global Fabric Manager's Chair, Dark Gray"
18,1,3.24,0,South,Kentucky,9961,CA-2018-141446,9/16/2018 0:00,9/18/2018 0:00,Second Class,CL-12700,Craig Leslie,Home Office,United States,Florence,41042,TEC-AC-10002305,Technology,Accessories,KeyTronic E03601U1 - Keyboard - Beige
79.99,1,28.7964,0,South,Georgia,9988,CA-2018-163629,11/17/2018 0:00,11/21/2018 0:00,Standard Class,RA-19885,Ruben Ausman,Corporate,United States,Athens,30605,TEC-AC-10001539,Technology,Accessories,Logitech G430 Surround Sound Gaming Headset with Dolby 7.1 Technology
206.1,5,55.647,0,South,Georgia,9989,CA-2018-163629,11/17/2018 0:00,11/21/2018 0:00,Standard Class,RA-19885,Ruben Ausman,Corporate,United States,Athens,30605,TEC-PH-10004006,Technology,Phones,Panasonic KX - TS880B Telephone
