Sales,Quantity,Profit,Discount,Region,State,Row ID,Order ID,Order Date,Ship Date,Ship Mode,Customer ID,Customer Name,Segment,Country,City,Postal Code,Product ID,Category,Sub-Category,Product Name
957.5775,5,-383.031,0.45,South,Florida,4,US-2016-108966,10/11/2016 0:00,10/18/2016 0:00,Standard Class,SO-20335,Sean O'Donnell,Consumer,United States,Fort Lauderdale,33311,FUR-TA-10000577,Furniture,Tables,Bretford CR4500 Series Slim Rectangular Table
22.368,2,2.5164,0.2,South,Florida,5,US-2016-108966,10/11/2016 0:00,10/18/2016 0:00,Standard Class,SO-20335,Sean O'Donnell,Consumer,United States,Fort Lauderdale,33311,OFF-ST-10000760,Office Supplies,Storage,Eldon Fold 'N Roll Cart System
831.936,8,-114.3912,0.2,South,Tennessee,73,US-2016-134026,4/26/2016 0:00,5/2/2016 0:00,Standard Class,JE-15745,Joel Eaton,Consumer,United States,Memphis,38109,FUR-CH-10000513,Furniture,Chairs,High-Back Leather Manager's Chair
97.04,2,1.213,0.2,South,Tennessee,74,US-2016-134026,4/26/2016 0:00,5/2/2016 0:00,Standard Class,JE-15745,Joel Eaton,Consumer,United States,Memphis,38109,FUR-FU-10003708,Furniture,Furnishings,"Tenex Traditional Chairmats for Medium Pile Carpet, Standard Lip, 36"" x 48"""
72.784,1,-18.196,0.2,South,Tennessee,75,US-2016-134026,4/26/2016 0:00,5/2/2016 0:00,Standard Class,JE-15745,Joel Eaton,Consumer,United States,Memphis,38109,OFF-ST-10004123,Office Supplies,Storage,Safco Industrial Wire Shelving System
200.984,7,62.8075,0.2,South,North Carolina,84,CA-2016-149734,9/3/2016 0:00,9/8/2016 0:00,Standard Class,JC-16105,Julie Creighton,Corporate,United States,Durham,27707,OFF-EN-10000927,Office Supplies,Envelopes,Jet-Pak Recycled Peel 'N' Seal Padded Mailers
157.794,1,-115.7156,17,South,Tennessee,119,US-2016-136476,4/5/2016 0:00,4/10/2016 0:00,Standard Class,GG-14650,Greg Guthrie,Corporate,United States,Bristol,37620,OFF-BI-10003650,Office Supplies,Binders,GBC DocuBind 300 Electric Binding Machine
161.568,2,-28.2744,0.2,South,Tennessee,229,US-2016-145436,2/28/2016 0:00,3/4/2016 0:00,Standard Class,VD-21670,Valerie Dominguez,Consumer,United States,Columbia,38401,FUR-CH-10004860,Furniture,Chairs,Global Low Back Tilter Chair
389.696,8,43.8408,0.2,South,Tennessee,230,US-2016-145436,2/28/2016 0:00,3/4/2016 0:00,Standard Class,VD-21670,Valerie Dominguez,Consumer,United States,Columbia,38401,FUR-CH-10004477,Furniture,Chairs,"Global Push Button Manager's Chair, Indigo"
375.4575,3,-157.0095,0.45,South,Florida,385,US-2016-168935,11/27/2016 0:00,12/2/2016 0:00,Standard Class,DO-13435,Denny Ordway,Consumer,United States,Pembroke Pines,33024,FUR-TA-10000617,Furniture,Tables,"Hon Practical Foundations 30 x 60 Training Table, Light Gray/Charcoal"
83.976,3,-1.0497,0.2,South,Florida,386,US-2016-168935,11/27/2016 0:00,12/2/2016 0:00,Standard Class,DO-13435,Denny Ordway,Consumer,United States,Pembroke Pines,33024,TEC-AC-10002335,Technology,Accessories,Logitech Media Keyboard K200
105.42,2,51.6558,0,South,Arkansas,496,CA-2016-134782,12/27/2016 0:00,12/31/2016 0:00,Standard Class,MD-17350,Maribeth Dona,Consumer,United States,Fayetteville,72701,OFF-EN-10001434,Office Supplies,Envelopes,"Strathmore #10 Envelopes, Ultimate White"
2.74,1,0.7398,0,South,Georgia,507,CA-2016-145352,3/16/2016 0:00,3/22/2016 0:00,Standard Class,CM-12385,Christopher Martinez,Consumer,United States,Atlanta,30318,OFF-AR-10001662,Office Supplies,Art,Rogers Handheld Barrel Pencil Sharpener
8.34,3,2.1684,0,South,Georgia,508,CA-2016-145352,3/16/2016 0:00,3/22/2016 0:00,Standard Class,CM-12385,Christopher Martinez,Consumer,United States,Atlanta,30318,OFF-AR-10003856,Office Supplies,Art,Newell 344
46.74,3,11.685,0,South,Georgia,509,CA-2016-145352,3/16/2016 0:00,3/22/2016 0:00,Standard Class,CM-12385,Christopher Martinez,Consumer,United States,Atlanta,30318,OFF-ST-10001228,Office Supplies,Storage,Personal File Boxes with Fold-Down Carry Handle
6354.95,5,3177.475,0,South,Georgia,510,CA-2016-145352,3/16/2016 0:00,3/22/2016 0:00,Standard Class,CM-12385,Christopher Martinez,Consumer,United States,Atlanta,30318,OFF-BI-10003527,Office Supplies,Binders,Fellowes PB500 Electric Punch Plastic Comb Binding Machine with Manual Bind
152.94,3,41.2938,0,South,Kentucky,539,CA-2016-134894,12/7/2016 0:00,12/11/2016 0:00,Standard Class,DK-12985,Darren Koutras,Consumer,United States,Henderson,42420,OFF-AP-10001271,Office Supplies,Appliances,Eureka The Boss Cordless Rechargeable Stick Vac
283.92,4,70.98,0,South,Kentucky,540,CA-2016-134894,12/7/2016 0:00,12/11/2016 0:00,Standard Class,DK-12985,Darren Koutras,Consumer,United States,Henderson,42420,FUR-CH-10002647,Furniture,Chairs,"Situations Contoured Folding Chairs, 4/Set"
70.98,1,4.9686,0,South,Kentucky,587,CA-2016-128139,7/3/2016 0:00,7/9/2016 0:00,Standard Class,BD-11725,Bruce Degenhardt,Consumer,United States,Richmond,40475,FUR-CH-10003956,Furniture,Chairs,Novimex High-Tech Fabric Mesh Task Chair
294.93,3,144.5157,0,South,Kentucky,588,CA-2016-128139,7/3/2016 0:00,7/9/2016 0:00,Standard Class,BD-11725,Bruce Degenhardt,Consumer,United States,Richmond,40475,OFF-LA-10003930,Office Supplies,Labels,"Dot Matrix Printer Tape Reel Labels, White, 5000/Box"
392.94,3,43.2234,0,South,Georgia,636,CA-2016-168004,10/4/2016 0:00,10/9/2016 0:00,Second Class,DJ-13420,Denny Joy,Corporate,United States,Warner Robins,31088,FUR-CH-10001482,Furniture,Chairs,Office Star - Mesh Screen back chair with Vinyl seat
186.69,3,87.7443,0,South,South Carolina,786,CA-2016-154921,5/23/2016 0:00,5/28/2016 0:00,Standard Class,EA-14035,Erin Ashbrook,Corporate,United States,Columbia,29203,OFF-EN-10000056,Office Supplies,Envelopes,Cameo Buff Policy Envelopes
143.96,4,69.1008,0,South,Virginia,789,CA-2016-115938,6/26/2016 0:00,6/30/2016 0:00,Standard Class,SA-20830,Sue Ann Reed,Consumer,United States,Richmond,23223,OFF-BI-10001543,Office Supplies,Binders,GBC VeloBinder Manual Binding System
15.42,1,4.1634,0,South,Virginia,790,CA-2016-115938,6/26/2016 0:00,6/30/2016 0:00,Standard Class,SA-20830,Sue Ann Reed,Consumer,United States,Richmond,23223,OFF-ST-10001321,Office Supplies,Storage,"Decoflex Hanging Personal Folder File, Blue"
43.04,8,21.0896,0,South,Virginia,791,CA-2016-115938,6/26/2016 0:00,6/30/2016 0:00,Standard Class,SA-20830,Sue Ann Reed,Consumer,United States,Richmond,23223,OFF-BI-10001132,Office Supplies,Binders,"Acco PRESSTEX Data Binder with Storage Hooks, Dark Blue, 9 1/2"" X 11"""
332.94,3,79.9056,0,South,Virginia,792,CA-2016-115938,6/26/2016 0:00,6/30/2016 0:00,Standard Class,SA-20830,Sue Ann Reed,Consumer,United States,Richmond,23223,FUR-CH-10003199,Furniture,Chairs,Office Star - Contemporary Task Swivel Chair
83.72,7,23.4416,0,South,Kentucky,847,CA-2016-114300,10/13/2016 0:00,10/17/2016 0:00,Standard Class,AF-10885,Art Foster,Consumer,United States,Louisville,40214,TEC-PH-10001552,Technology,Phones,I Need's 3d Hello Kitty Hybrid Silicone Case Cover for HTC One X 4g with 3d Hello Kitty Stylus Pen Green/pink
287.94,3,77.7438,0,South,Kentucky,848,CA-2016-114300,10/13/2016 0:00,10/17/2016 0:00,Standard Class,AF-10885,Art Foster,Consumer,United States,Louisville,40214,FUR-CH-10001891,Furniture,Chairs,Global Deluxe Office Fabric Chairs
30.84,2,8.3268,0,South,Virginia,882,CA-2016-129098,10/9/2016 0:00,10/13/2016 0:00,Standard Class,DK-13090,Dave Kipp,Consumer,United States,Springfield,22153,OFF-ST-10001321,Office Supplies,Storage,"Decoflex Hanging Personal Folder File, Blue"
46.2,4,12.936,0,South,Virginia,928,CA-2016-115091,10/5/2016 0:00,10/9/2016 0:00,Standard Class,JJ-15760,Joel Jenkins,Home Office,United States,Springfield,22153,OFF-AR-10000658,Office Supplies,Art,Newell 324
28.84,2,9.5172,0,South,Virginia,929,CA-2016-115091,10/5/2016 0:00,10/9/2016 0:00,Standard Class,JJ-15760,Joel Jenkins,Home Office,United States,Springfield,22153,OFF-AP-10000696,Office Supplies,Appliances,Holmes Odor Grabber
6.24,2,3.0576,0,South,Arkansas,962,CA-2016-160059,11/27/2016 0:00,12/1/2016 0:00,Standard Class,TB-21190,Thomas Brumley,Home Office,United States,Fayetteville,72701,OFF-BI-10000145,Office Supplies,Binders,Zipper Ring Binder Pockets
1166.92,5,131.2785,0.2,South,Florida,991,CA-2016-153549,3/29/2016 0:00,3/31/2016 0:00,Second Class,SL-20155,Sara Luxemburg,Home Office,United States,Jacksonville,32216,FUR-CH-10004086,Furniture,Chairs,Hon 4070 Series Pagoda Armless Upholstered Stacking Chairs
10.67,1,4.9082,0,South,Kentucky,997,CA-2016-162537,10/28/2016 0:00,11/3/2016 0:00,Standard Class,RD-19585,Rob Dowd,Consumer,United States,Henderson,42420,OFF-EN-10003862,Office Supplies,Envelopes,Laser & Ink Jet Business Envelopes
36.63,3,9.8901,0,South,Kentucky,998,CA-2016-162537,10/28/2016 0:00,11/3/2016 0:00,Standard Class,RD-19585,Rob Dowd,Consumer,United States,Henderson,42420,OFF-ST-10004258,Office Supplies,Storage,Portable Personal File Box
24.1,5,9.158,0,South,Kentucky,999,CA-2016-162537,10/28/2016 0:00,11/3/2016 0:00,Standard Class,RD-19585,Rob Dowd,Consumer,United States,Henderson,42420,FUR-FU-10002885,Furniture,Furnishings,Magna Visual Magnetic Picture Hangers
33.11,7,12.9129,0,South,Kentucky,1000,CA-2016-162537,10/28/2016 0:00,11/3/2016 0:00,Standard Class,RD-19585,Rob Dowd,Consumer,United States,Henderson,42420,FUR-FU-10001918,Furniture,Furnishings,C-Line Cubicle Keepers Polyproplyene Holder With Velcro Backings
115.296,3,40.3536,0.2,South,North Carolina,1006,CA-2016-111199,11/13/2016 0:00,11/17/2016 0:00,Standard Class,JK-15730,Joe Kamberova,Consumer,United States,Jacksonville,28540,OFF-PA-10001790,Office Supplies,Paper,Xerox 1910
279.9,5,137.151,0,South,Georgia,1118,CA-2016-142755,9/4/2016 0:00,9/8/2016 0:00,Standard Class,CS-12355,Christine Sundaresam,Consumer,United States,Roswell,30076,OFF-PA-10001970,Office Supplies,Paper,Xerox 1908
619.95,5,111.591,0,South,Georgia,1119,CA-2016-142755,9/4/2016 0:00,9/8/2016 0:00,Standard Class,CS-12355,Christine Sundaresam,Consumer,United States,Roswell,30076,TEC-AC-10002049,Technology,Accessories,Logitech G19 Programmable Gaming Keyboard
4.36,2,2.0492,0,South,Georgia,1120,CA-2016-142755,9/4/2016 0:00,9/8/2016 0:00,Standard Class,CS-12355,Christine Sundaresam,Consumer,United States,Roswell,30076,OFF-PA-10000141,Office Supplies,Paper,"Ampad Evidence Wirebond Steno Books, 6"" x 9"""
15.28,2,7.4872,0,South,Georgia,1121,CA-2016-142755,9/4/2016 0:00,9/8/2016 0:00,Standard Class,CS-12355,Christine Sundaresam,Consumer,United States,Roswell,30076,OFF-EN-10004459,Office Supplies,Envelopes,Security-Tint Envelopes
15.552,3,5.4432,0.2,South,Florida,1194,US-2016-130519,9/15/2016 0:00,9/15/2016 0:00,Same Day,NG-18355,Nat Gilpin,Corporate,United States,Coral Springs,33065,OFF-PA-10001937,Office Supplies,Paper,Xerox 21
15.712,4,2.5532,0.2,South,Florida,1195,US-2016-130519,9/15/2016 0:00,9/15/2016 0:00,Same Day,NG-18355,Nat Gilpin,Corporate,United States,Coral Springs,33065,FUR-FU-10002268,Furniture,Furnishings,Ultra Door Push Plate
24.672,2,2.1588,0.2,South,Florida,1196,US-2016-130519,9/15/2016 0:00,9/15/2016 0:00,Same Day,NG-18355,Nat Gilpin,Corporate,United States,Coral Springs,33065,OFF-ST-10001321,Office Supplies,Storage,"Decoflex Hanging Personal Folder File, Blue"
55.968,1,-2.0988,0.2,South,Florida,1197,US-2016-130519,9/15/2016 0:00,9/15/2016 0:00,Same Day,NG-18355,Nat Gilpin,Corporate,United States,Coral Springs,33065,FUR-FU-10003394,Furniture,Furnishings,"Tenex ""The Solids"" Textured Chair Mats"
61.96,2,4.3372,0,South,Virginia,1303,CA-2016-115847,9/19/2016 0:00,9/24/2016 0:00,Second Class,TC-21535,Tracy Collins,Home Office,United States,Arlington,22204,FUR-BO-10003433,Furniture,Bookcases,Sauder Cornerstone Collection Library
255.968,4,31.996,0.2,South,Florida,1468,CA-2016-100769,5/16/2016 0:00,5/16/2016 0:00,Same Day,TH-21550,Tracy Hopkins,Home Office,United States,Jacksonville,32216,TEC-AC-10002402,Technology,Accessories,Razer Kraken PRO Over Ear PC and Music Headset
74.352,3,23.235,0.2,South,Florida,1531,CA-2016-103793,3/26/2016 0:00,3/31/2016 0:00,Standard Class,BV-11245,Benjamin Venier,Corporate,United States,Miami,33142,OFF-PA-10001125,Office Supplies,Paper,Xerox 1988
517.5,6,155.25,0,South,Louisiana,1628,CA-2016-143119,9/24/2016 0:00,9/30/2016 0:00,Standard Class,MC-17275,Marc Crier,Consumer,United States,Lafayette,70506,FUR-CH-10001270,Furniture,Chairs,Harbour Creations Steel Folding Chair
196.62,2,96.3438,0,South,Virginia,1674,CA-2016-150560,12/11/2016 0:00,12/12/2016 0:00,First Class,SW-20455,Shaun Weien,Consumer,United States,Suffolk,23434,OFF-LA-10003930,Office Supplies,Labels,"Dot Matrix Printer Tape Reel Labels, White, 5000/Box"
38.88,6,18.6624,0,South,Georgia,1829,US-2016-140851,7/13/2016 0:00,7/15/2016 0:00,Second Class,ND-18460,Neil Ducich,Corporate,United States,Macon,31204,OFF-PA-10000019,Office Supplies,Paper,Xerox 1931
207,3,25.875,0.2,South,North Carolina,1833,CA-2016-131422,11/5/2016 0:00,11/9/2016 0:00,Standard Class,GB-14530,George Bell,Corporate,United States,Monroe,28110,FUR-CH-10001270,Furniture,Chairs,Harbour Creations Steel Folding Chair
3.76,2,1.8048,0,South,Georgia,1982,CA-2016-119592,12/14/2016 0:00,12/16/2016 0:00,Second Class,MM-18280,Muhammed MacIntyre,Corporate,United States,Columbus,31907,OFF-BI-10004187,Office Supplies,Binders,3-ring staple pack
13.12,5,1.476,0.2,South,North Carolina,2095,US-2016-164357,11/25/2016 0:00,11/29/2016 0:00,Standard Class,SF-20065,Sandra Flanagan,Consumer,United States,Wilmington,28403,OFF-AR-10001177,Office Supplies,Art,Newell 349
287.97,3,77.7519,0,South,Georgia,2291,CA-2016-149342,4/20/2016 0:00,4/25/2016 0:00,Standard Class,TS-21160,Theresa Swint,Corporate,United States,Columbus,31907,TEC-PH-10001557,Technology,Phones,Pyle PMP37LED
595.38,6,297.69,0,South,Georgia,2292,CA-2016-149342,4/20/2016 0:00,4/25/2016 0:00,Standard Class,TS-21160,Theresa Swint,Corporate,United States,Columbus,31907,FUR-FU-10002937,Furniture,Furnishings,"GE 48"" Fluorescent Tube, Cool White Energy Saver, 34 Watts, 30/Box"
12.96,2,6.2208,0,South,Georgia,2293,CA-2016-149342,4/20/2016 0:00,4/25/2016 0:00,Standard Class,TS-21160,Theresa Swint,Corporate,United States,Columbus,31907,OFF-PA-10001166,Office Supplies,Paper,Xerox 2
194.32,4,56.3528,0,South,Virginia,2320,CA-2016-117828,12/23/2016 0:00,12/26/2016 0:00,First Class,BD-11500,Bradley Drucker,Consumer,United States,Richmond,23223,OFF-AP-10001563,Office Supplies,Appliances,Belkin Premiere Surge Master II 8-outlet surge protector
94.74,3,44.5278,0,South,Kentucky,2322,CA-2016-109470,12/31/2016 0:00,1/3/2017 0:00,Second Class,KC-16255,Karen Carlisle,Corporate,United States,Henderson,42420,OFF-BI-10004492,Office Supplies,Binders,Tuf-Vin Binders
60.64,4,27.8944,0,South,Kentucky,2323,CA-2016-109470,12/31/2016 0:00,1/3/2017 0:00,Second Class,KC-16255,Karen Carlisle,Corporate,United States,Henderson,42420,OFF-BI-10001072,Office Supplies,Binders,"GBC Clear Cover, 8-1/2 x 11, unpunched, 25 covers per pack"
76.3,5,38.15,0,South,Kentucky,2324,CA-2016-109470,12/31/2016 0:00,1/3/2017 0:00,Second Class,KC-16255,Karen Carlisle,Corporate,United States,Henderson,42420,OFF-BI-10003707,Office Supplies,Binders,Aluminum Screw Posts
364.8,12,167.808,0,South,Kentucky,2325,CA-2016-109470,12/31/2016 0:00,1/3/2017 0:00,Second Class,KC-16255,Karen Carlisle,Corporate,United States,Henderson,42420,OFF-BI-10000977,Office Supplies,Binders,Ibico Plastic Spiral Binding Combs
33.96,2,16.98,0,South,Virginia,2435,CA-2016-154746,11/14/2016 0:00,11/17/2016 0:00,First Class,PJ-18835,Patrick Jones,Corporate,United States,Springfield,22153,OFF-EN-10001532,Office Supplies,Envelopes,Brown Kraft Recycled Envelopes
826.11,3,322.1829,0,South,Virginia,2436,CA-2016-154746,11/14/2016 0:00,11/17/2016 0:00,First Class,PJ-18835,Patrick Jones,Corporate,United States,Springfield,22153,OFF-AP-10003057,Office Supplies,Appliances,Honeywell Enviracaire Portable HEPA Air Cleaner for 16' x 20' Room
269.49,3,5.3898,0,South,South Carolina,2449,CA-2016-128027,9/14/2016 0:00,9/17/2016 0:00,Second Class,CM-12385,Christopher Martinez,Consumer,United States,North Charleston,29406,OFF-ST-10001809,Office Supplies,Storage,Fellowes Officeware Wire Shelving
106.5,6,41.535,0,South,Louisiana,2512,CA-2016-102722,4/18/2016 0:00,4/19/2016 0:00,First Class,KW-16570,Kelly Williams,Consumer,United States,Monroe,71203,TEC-AC-10003116,Technology,Accessories,Memorex Froggy Flash Drive 8 GB
6.992,2,0.5244,0.2,South,Florida,2558,US-2016-112508,3/24/2016 0:00,3/30/2016 0:00,Standard Class,BP-11185,Ben Peterman,Corporate,United States,Coral Springs,33065,OFF-AP-10002287,Office Supplies,Appliances,"Eureka Sanitaire  Multi-Pro Heavy-Duty Upright, Disposable Bags"
9.216,4,3.3408,0.2,South,Tennessee,2562,CA-2016-144288,12/25/2016 0:00,12/31/2016 0:00,Standard Class,MB-17305,Maria Bertelson,Consumer,United States,Nashville,37211,OFF-LA-10003190,Office Supplies,Labels,Avery 474
10.368,2,3.6288,0.2,South,Tennessee,2563,CA-2016-144288,12/25/2016 0:00,12/31/2016 0:00,Standard Class,MB-17305,Maria Bertelson,Consumer,United States,Nashville,37211,OFF-PA-10002787,Office Supplies,Paper,Xerox 227
4.928,2,0.7392,0.2,South,North Carolina,2635,CA-2016-116750,7/5/2016 0:00,7/10/2016 0:00,Second Class,BF-10975,Barbara Fisher,Corporate,United States,Fayetteville,28314,FUR-FU-10003829,Furniture,Furnishings,Stackable Trays
7.23,5,-5.784,0.7,South,North Carolina,2636,CA-2016-116750,7/5/2016 0:00,7/10/2016 0:00,Second Class,BF-10975,Barbara Fisher,Corporate,United States,Fayetteville,28314,OFF-BI-10004728,Office Supplies,Binders,Wilson Jones Turn Tabs Binder Tool for Ring Binders
29.99,1,2.999,0,South,Arkansas,2642,CA-2016-169740,2/20/2016 0:00,2/25/2016 0:00,Standard Class,LM-17065,Liz MacKendrick,Consumer,United States,Hot Springs,71901,TEC-AC-10000927,Technology,Accessories,Anker Ultrathin Bluetooth Wireless Keyboard Aluminum Cover with Stand
12.828,2,-8.9796,0.7,South,Florida,2711,US-2016-120572,12/11/2016 0:00,12/15/2016 0:00,Standard Class,GH-14425,Gary Hwang,Consumer,United States,Jacksonville,32216,OFF-BI-10001098,Office Supplies,Binders,Acco D-Ring Binder w/DublLock
8.226,3,-6.0324,0.7,South,Florida,2749,CA-2016-110247,12/4/2016 0:00,12/8/2016 0:00,Standard Class,RH-19555,Ritsa Hightower,Consumer,United States,Tallahassee,32303,OFF-BI-10001553,Office Supplies,Binders,SpineVue Locking Slant-D Ring Binders by Cardinal
387.136,4,24.196,0.2,South,Florida,2911,CA-2016-118444,11/5/2016 0:00,11/9/2016 0:00,Standard Class,VD-21670,Valerie Dominguez,Consumer,United States,Coral Springs,33065,OFF-AP-10000576,Office Supplies,Appliances,"Belkin 325VA UPS Surge Protector, 6'"
53.7,6,10.203,0,South,Louisiana,3035,US-2016-123960,6/11/2016 0:00,6/16/2016 0:00,Standard Class,BD-11605,Brian Dahlen,Consumer,United States,Monroe,71203,TEC-AC-10003038,Technology,Accessories,Kingston Digital DataTraveler 16GB USB 2.0
36.26,7,16.6796,0,South,Louisiana,3036,US-2016-123960,6/11/2016 0:00,6/16/2016 0:00,Standard Class,BD-11605,Brian Dahlen,Consumer,United States,Monroe,71203,OFF-BI-10002799,Office Supplies,Binders,"SlimView Poly Binder, 3/8"""
56.3,2,15.764,0,South,Louisiana,3037,US-2016-123960,6/11/2016 0:00,6/16/2016 0:00,Standard Class,BD-11605,Brian Dahlen,Consumer,United States,Monroe,71203,OFF-AR-10003582,Office Supplies,Art,"Boston Electric Pencil Sharpener, Model 1818, Charcoal Black"
32.4,5,15.552,0,South,Louisiana,3038,US-2016-123960,6/11/2016 0:00,6/16/2016 0:00,Standard Class,BD-11605,Brian Dahlen,Consumer,United States,Monroe,71203,OFF-PA-10004451,Office Supplies,Paper,Xerox 222
29.16,2,10.7892,0,South,Louisiana,3039,US-2016-123960,6/11/2016 0:00,6/16/2016 0:00,Standard Class,BD-11605,Brian Dahlen,Consumer,United States,Monroe,71203,FUR-FU-10004666,Furniture,Furnishings,DAX Clear Channel Poster Frame
1123.92,5,-182.637,0.2,South,Florida,3119,CA-2016-121720,6/11/2016 0:00,6/12/2016 0:00,First Class,JE-15610,Jim Epp,Corporate,United States,Lakeland,33801,FUR-CH-10003312,Furniture,Chairs,"Hon 2090 ""Pillow Soft"" Series Mid Back Swivel/Tilt Chairs"
249.584,2,31.198,0.2,South,Florida,3120,CA-2016-121720,6/11/2016 0:00,6/12/2016 0:00,First Class,JE-15610,Jim Epp,Corporate,United States,Lakeland,33801,TEC-PH-10002496,Technology,Phones,Cisco SPA301
48.672,3,7.3008,0.2,South,Florida,3121,CA-2016-121720,6/11/2016 0:00,6/12/2016 0:00,First Class,JE-15610,Jim Epp,Corporate,United States,Lakeland,33801,FUR-FU-10003464,Furniture,Furnishings,"Seth Thomas 8 1/2"" Cubicle Clock"
60.768,2,7.596,0.2,South,Florida,3122,CA-2016-121720,6/11/2016 0:00,6/12/2016 0:00,First Class,JE-15610,Jim Epp,Corporate,United States,Lakeland,33801,OFF-AR-10000380,Office Supplies,Art,"Hunt PowerHouse Electric Pencil Sharpener, Blue"
78.6,5,-62.88,0.7,South,Florida,3123,CA-2016-121720,6/11/2016 0:00,6/12/2016 0:00,First Class,JE-15610,Jim Epp,Corporate,United States,Lakeland,33801,OFF-BI-10004593,Office Supplies,Binders,Ibico Laser Imprintable Binding System Covers
3.768,2,-3.14,0.7,South,Florida,3124,CA-2016-121720,6/11/2016 0:00,6/12/2016 0:00,First Class,JE-15610,Jim Epp,Corporate,United States,Lakeland,33801,OFF-BI-10001308,Office Supplies,Binders,GBC Standard Plastic Binding Systems' Combs
1036.624,2,51.8312,0.2,South,Florida,3125,CA-2016-121720,6/11/2016 0:00,6/12/2016 0:00,First Class,JE-15610,Jim Epp,Corporate,United States,Lakeland,33801,OFF-ST-10001780,Office Supplies,Storage,Tennsco 16-Compartment Lockers with Coat Rack
563.808,4,21.1428,0.2,South,Florida,3126,CA-2016-121720,6/11/2016 0:00,6/12/2016 0:00,First Class,JE-15610,Jim Epp,Corporate,United States,Lakeland,33801,OFF-ST-10003816,Office Supplies,Storage,Fellowes High-Stak Drawer Files
4.608,2,1.6704,0.2,South,Florida,3257,CA-2016-155453,8/9/2016 0:00,8/14/2016 0:00,Standard Class,RA-19885,Ruben Ausman,Corporate,United States,Jacksonville,32216,OFF-LA-10001613,Office Supplies,Labels,Avery File Folder Labels
58.72,4,27.0112,0,South,Georgia,3454,CA-2016-153325,3/1/2016 0:00,3/2/2016 0:00,Second Class,ST-20530,Shui Tom,Consumer,United States,Macon,31204,OFF-BI-10004236,Office Supplies,Binders,"XtraLife ClearVue Slant-D Ring Binder, White, 3"""
5.16,3,0.8385,0.2,South,Tennessee,3455,CA-2016-153626,7/9/2016 0:00,7/14/2016 0:00,Standard Class,EB-13870,Emily Burns,Consumer,United States,Nashville,37211,OFF-AR-10000657,Office Supplies,Art,"Binney & Smith inkTank Desk Highlighter, Chisel Tip, Yellow, 12/Box"
47.952,3,16.1838,0.2,South,North Carolina,3470,CA-2016-100888,4/6/2016 0:00,4/10/2016 0:00,Standard Class,MH-17455,Mark Hamilton,Consumer,United States,Jacksonville,28540,OFF-PA-10001019,Office Supplies,Paper,Xerox 1884
87.168,3,10.896,0.2,South,Florida,3530,CA-2016-141145,9/17/2016 0:00,9/23/2016 0:00,Standard Class,DB-13405,Denny Blanton,Consumer,United States,Orlando,32839,TEC-AC-10001465,Technology,Accessories,SanDisk Cruzer 64 GB USB Flash Drive
14.496,3,4.8924,0.2,South,Florida,3576,CA-2016-143532,3/19/2016 0:00,3/24/2016 0:00,Standard Class,DC-12850,Dan Campbell,Consumer,United States,North Miami,33161,OFF-PA-10001560,Office Supplies,Paper,"Adams Telephone Message Books, 5 1/4"" x 11"""
2.946,2,-2.0622,0.7,South,Tennessee,3649,CA-2016-168459,11/22/2016 0:00,11/27/2016 0:00,Standard Class,MC-17275,Marc Crier,Consumer,United States,Memphis,38109,OFF-BI-10003712,Office Supplies,Binders,"Acco Pressboard Covers with Storage Hooks, 14 7/8"" x 11"", Light Blue"
55.104,6,18.5976,0.2,South,Tennessee,3650,CA-2016-168459,11/22/2016 0:00,11/27/2016 0:00,Standard Class,MC-17275,Marc Crier,Consumer,United States,Memphis,38109,OFF-FA-10004854,Office Supplies,Fasteners,"Vinyl Coated Wire Paper Clips in Organizer Box, 800/Box"
8.688,3,2.9322,0.2,South,Florida,3658,CA-2016-128083,3/12/2016 0:00,3/17/2016 0:00,Standard Class,EB-13750,Edward Becker,Corporate,United States,Plantation,33317,OFF-EN-10004030,Office Supplies,Envelopes,Convenience Packs of Business Envelopes
30.88,4,3.86,0.2,South,Florida,3659,CA-2016-128083,3/12/2016 0:00,3/17/2016 0:00,Standard Class,EB-13750,Edward Becker,Corporate,United States,Plantation,33317,FUR-FU-10003194,Furniture,Furnishings,"Eldon Expressions Desk Accessory, Wood Pencil Holder, Oak"
6.408,3,1.4418,0.2,South,Florida,3660,CA-2016-128083,3/12/2016 0:00,3/17/2016 0:00,Standard Class,EB-13750,Edward Becker,Corporate,United States,Plantation,33317,FUR-FU-10001731,Furniture,Furnishings,Acrylic Self-Standing Desk Frames
24.78,6,6.9384,0,South,Alabama,3703,CA-2016-104941,6/13/2016 0:00,6/19/2016 0:00,Standard Class,DH-13075,Dave Hallsten,Corporate,United States,Decatur,35601,OFF-AR-10004269,Office Supplies,Art,Newell 31
19.14,3,8.8044,0,South,Alabama,3704,CA-2016-104941,6/13/2016 0:00,6/19/2016 0:00,Standard Class,DH-13075,Dave Hallsten,Corporate,United States,Decatur,35601,OFF-BI-10001249,Office Supplies,Binders,Avery Heavy-Duty EZD View Binder with Locking Rings
899.97,3,314.9895,0,South,Alabama,3705,CA-2016-104941,6/13/2016 0:00,6/19/2016 0:00,Standard Class,DH-13075,Dave Hallsten,Corporate,United States,Decatur,35601,TEC-CO-10004202,Technology,Copiers,Brother DCP1000 Digital 3 in 1 Multifunction Machine
32.4,5,15.552,0,South,Alabama,3706,CA-2016-104941,6/13/2016 0:00,6/19/2016 0:00,Standard Class,DH-13075,Dave Hallsten,Corporate,United States,Decatur,35601,OFF-PA-10003363,Office Supplies,Paper,Xerox 204
11.76,5,1.323,0.2,South,Florida,3807,CA-2016-113628,11/12/2016 0:00,11/19/2016 0:00,Standard Class,AH-10690,Anna Häberlin,Corporate,United States,Plantation,33317,OFF-AR-10001246,Office Supplies,Art,Newell 317
5.238,2,-4.0158,0.7,South,Florida,3808,CA-2016-113628,11/12/2016 0:00,11/19/2016 0:00,Standard Class,AH-10690,Anna Häberlin,Corporate,United States,Plantation,33317,OFF-BI-10003291,Office Supplies,Binders,Wilson Jones Leather-Like Binders with DublLock Round Rings
4.662,3,-3.7296,0.7,South,Florida,3809,CA-2016-113628,11/12/2016 0:00,11/19/2016 0:00,Standard Class,AH-10690,Anna Häberlin,Corporate,United States,Plantation,33317,OFF-BI-10002799,Office Supplies,Binders,"SlimView Poly Binder, 3/8"""
523.92,5,-72.039,0.2,South,Florida,3810,CA-2016-113628,11/12/2016 0:00,11/19/2016 0:00,Standard Class,AH-10690,Anna Häberlin,Corporate,United States,Plantation,33317,FUR-CH-10003298,Furniture,Chairs,"Office Star - Contemporary Task Swivel chair with Loop Arms, Charcoal"
100.792,1,10.0792,0.2,South,Florida,3811,CA-2016-113628,11/12/2016 0:00,11/19/2016 0:00,Standard Class,AH-10690,Anna Häberlin,Corporate,United States,Plantation,33317,TEC-PH-10000441,Technology,Phones,VTech DS6151
146.136,3,16.4403,0.2,South,Florida,3812,CA-2016-113628,11/12/2016 0:00,11/19/2016 0:00,Standard Class,AH-10690,Anna Häberlin,Corporate,United States,Plantation,33317,FUR-CH-10004477,Furniture,Chairs,"Global Push Button Manager's Chair, Indigo"
801.96,2,200.49,0,South,Alabama,3817,CA-2016-102582,9/15/2016 0:00,9/19/2016 0:00,Standard Class,NW-18400,Natalie Webber,Consumer,United States,Mobile,36608,FUR-TA-10003569,Furniture,Tables,Bretford CR8500 Series Meeting Room Furniture
59.97,3,0,0,South,Alabama,3818,CA-2016-102582,9/15/2016 0:00,9/19/2016 0:00,Standard Class,NW-18400,Natalie Webber,Consumer,United States,Mobile,36608,TEC-PH-10003187,Technology,Phones,Anker Astro Mini 3000mAh Ultra-Compact Portable Charger
1056.86,7,306.4894,0,South,Alabama,3819,CA-2016-102582,9/15/2016 0:00,9/19/2016 0:00,Standard Class,NW-18400,Natalie Webber,Consumer,United States,Mobile,36608,FUR-CH-10004853,Furniture,Chairs,"Global Manager's Adjustable Task Chair, Storm"
61.68,4,16.6536,0,South,Virginia,3920,US-2016-148817,12/1/2016 0:00,12/7/2016 0:00,Standard Class,KD-16495,Keith Dawkins,Corporate,United States,Chesapeake,23320,OFF-ST-10001321,Office Supplies,Storage,"Decoflex Hanging Personal Folder File, Blue"
63.96,4,30.7008,0,South,Virginia,3921,US-2016-148817,12/1/2016 0:00,12/7/2016 0:00,Standard Class,KD-16495,Keith Dawkins,Corporate,United States,Chesapeake,23320,OFF-BI-10004233,Office Supplies,Binders,"GBC Pre-Punched Binding Paper, Plastic, White, 8-1/2"" x 11"""
63.552,3,14.2992,0.2,South,Florida,3992,CA-2016-161998,5/1/2016 0:00,5/5/2016 0:00,Standard Class,DB-13120,David Bremer,Corporate,United States,Tampa,33614,FUR-FU-10001095,Furniture,Furnishings,DAX Black Cherry Wood-Tone Poster Frame
41.376,3,4.6548,0.2,South,Florida,3993,CA-2016-161998,5/1/2016 0:00,5/5/2016 0:00,Standard Class,DB-13120,David Bremer,Corporate,United States,Tampa,33614,OFF-SU-10004261,Office Supplies,Supplies,"Fiskars 8"" Scissors, 2/Pack"
172.704,6,10.794,0.2,South,Florida,3994,CA-2016-161998,5/1/2016 0:00,5/5/2016 0:00,Standard Class,DB-13120,David Bremer,Corporate,United States,Tampa,33614,OFF-AR-10004022,Office Supplies,Art,Panasonic KP-380BK Classic Electric Pencil Sharpener
231.92,5,5.798,0.2,South,Florida,4000,US-2016-149629,7/17/2016 0:00,7/20/2016 0:00,Second Class,MP-17965,Michael Paige,Corporate,United States,Port Saint Lucie,34952,FUR-BO-10004709,Furniture,Bookcases,"Bush Westfield Collection Bookcases, Medium Cherry Finish"
1.78,1,0.4984,0,South,Georgia,4006,US-2016-168732,12/10/2016 0:00,12/16/2016 0:00,Standard Class,KM-16660,Khloe Miller,Consumer,United States,Roswell,30076,OFF-AR-10003087,Office Supplies,Art,Staples in misc. colors
25.92,4,12.4416,0,South,Georgia,4007,US-2016-168732,12/10/2016 0:00,12/16/2016 0:00,Standard Class,KM-16660,Khloe Miller,Consumer,United States,Roswell,30076,OFF-PA-10000520,Office Supplies,Paper,Xerox 201
101.94,6,21.4074,0,South,Georgia,4008,US-2016-168732,12/10/2016 0:00,12/16/2016 0:00,Standard Class,KM-16660,Khloe Miller,Consumer,United States,Roswell,30076,TEC-AC-10001553,Technology,Accessories,"Memorex 25GB 6X Branded Blu-Ray Recordable Disc, 15/Pack"
542.94,3,152.0232,0,South,Georgia,4014,CA-2016-165624,8/23/2016 0:00,8/28/2016 0:00,Standard Class,FH-14350,Fred Harton,Consumer,United States,Atlanta,30318,OFF-AP-10000828,Office Supplies,Appliances,Avanti 4.4 Cu. Ft. Refrigerator
8.64,3,4.2336,0,South,Georgia,4015,CA-2016-165624,8/23/2016 0:00,8/28/2016 0:00,Standard Class,FH-14350,Fred Harton,Consumer,United States,Atlanta,30318,OFF-LA-10003190,Office Supplies,Labels,Avery 474
193.8,5,94.962,0,South,Georgia,4016,CA-2016-165624,8/23/2016 0:00,8/28/2016 0:00,Standard Class,FH-14350,Fred Harton,Consumer,United States,Atlanta,30318,OFF-PA-10002319,Office Supplies,Paper,Xerox 1944
21.4,5,9.63,0,South,Georgia,4017,CA-2016-165624,8/23/2016 0:00,8/28/2016 0:00,Standard Class,FH-14350,Fred Harton,Consumer,United States,Atlanta,30318,OFF-PA-10003893,Office Supplies,Paper,Xerox 1962
97.88,2,48.94,0,South,Georgia,4018,CA-2016-165624,8/23/2016 0:00,8/28/2016 0:00,Standard Class,FH-14350,Fred Harton,Consumer,United States,Atlanta,30318,OFF-PA-10002499,Office Supplies,Paper,Xerox 1890
251.91,9,47.8629,0,South,Georgia,4019,CA-2016-165624,8/23/2016 0:00,8/28/2016 0:00,Standard Class,FH-14350,Fred Harton,Consumer,United States,Atlanta,30318,TEC-AC-10004568,Technology,Accessories,Maxell LTO Ultrium - 800 GB
25.86,3,6.7236,0,South,Georgia,4020,CA-2016-165624,8/23/2016 0:00,8/28/2016 0:00,Standard Class,FH-14350,Fred Harton,Consumer,United States,Atlanta,30318,OFF-AP-10001492,Office Supplies,Appliances,"Acco Six-Outlet Power Strip, 4' Cord Length"
47.976,3,4.7976,0.2,South,North Carolina,4080,CA-2016-165414,12/21/2016 0:00,12/24/2016 0:00,First Class,LS-17245,Lynn Smith,Consumer,United States,Jacksonville,28540,TEC-PH-10002293,Technology,Phones,Anker 36W 4-Port USB Wall Charger Travel Power Adapter for iPhone 5s 5c 5
3080,7,1416.8,0,South,Kentucky,4094,CA-2016-102491,8/24/2016 0:00,8/28/2016 0:00,Standard Class,KW-16435,Katrina Willman,Consumer,United States,Florence,41042,TEC-MA-10000864,Technology,Machines,Cisco 9971 IP Video Phone Charcoal
79.96,4,18.3908,0,South,Kentucky,4095,CA-2016-102491,8/24/2016 0:00,8/28/2016 0:00,Standard Class,KW-16435,Katrina Willman,Consumer,United States,Florence,41042,TEC-AC-10003289,Technology,Accessories,Anker Ultra-Slim Mini Bluetooth 3.0 Wireless Keyboard
587.97,3,170.5113,0,South,Kentucky,4096,CA-2016-102491,8/24/2016 0:00,8/28/2016 0:00,Standard Class,KW-16435,Katrina Willman,Consumer,United States,Florence,41042,TEC-PH-10001619,Technology,Phones,LG G3
11.952,3,4.0338,0.2,South,Florida,4132,CA-2016-111703,7/2/2016 0:00,7/9/2016 0:00,Standard Class,KB-16315,Karl Braun,Consumer,United States,Hollywood,33021,OFF-PA-10000349,Office Supplies,Paper,Easy-staple paper
15.552,3,5.6376,0.2,South,Florida,4133,CA-2016-111703,7/2/2016 0:00,7/9/2016 0:00,Standard Class,KB-16315,Karl Braun,Consumer,United States,Hollywood,33021,OFF-PA-10003349,Office Supplies,Paper,Xerox 1957
55.944,7,-13.2867,0.2,South,Florida,4252,CA-2016-155068,10/23/2016 0:00,10/23/2016 0:00,Same Day,RA-19285,Ralph Arnett,Consumer,United States,Lakeland,33801,TEC-PH-10004897,Technology,Phones,Mediabridge Sport Armband iPhone 5s
10.688,2,2.2712,0.2,South,Florida,4253,CA-2016-155068,10/23/2016 0:00,10/23/2016 0:00,Same Day,RA-19285,Ralph Arnett,Consumer,United States,Lakeland,33801,OFF-AR-10002656,Office Supplies,Art,Sanford Liquid Accent Highlighters
11.824,2,1.0346,0.2,South,Florida,4254,CA-2016-155068,10/23/2016 0:00,10/23/2016 0:00,Same Day,RA-19285,Ralph Arnett,Consumer,United States,Lakeland,33801,TEC-PH-10004924,Technology,Phones,"SKILCRAFT Telephone Shoulder Rest, 2"" x 6.5"" x 2.5"", Black"
692.472,11,190.4298,0.2,South,Tennessee,4271,CA-2016-166975,11/26/2016 0:00,11/30/2016 0:00,Standard Class,SH-20635,Stefanie Holloman,Corporate,United States,Jackson,38301,FUR-FU-10003930,Furniture,Furnishings,Howard Miller 12-3/4 Diameter Accuwave DS  Wall Clock
50.88,6,14.628,0.2,South,Florida,4334,CA-2016-112375,12/21/2016 0:00,12/27/2016 0:00,Standard Class,RD-19720,Roger Demir,Consumer,United States,Daytona Beach,32114,TEC-AC-10003237,Technology,Accessories,Memorex Micro Travel Drive 4 GB
27.312,2,9.2178,0.2,South,Florida,4335,CA-2016-112375,12/21/2016 0:00,12/27/2016 0:00,Standard Class,RD-19720,Roger Demir,Consumer,United States,Daytona Beach,32114,OFF-EN-10003798,Office Supplies,Envelopes,"Recycled Interoffice Envelopes with Re-Use-A-Seal Closure, 10 x 13"
1598.058,7,-1065.372,0.7,South,Tennessee,4356,CA-2016-155600,12/4/2016 0:00,12/7/2016 0:00,Second Class,RO-19780,Rose O'Brian,Consumer,United States,Clarksville,37042,OFF-BI-10000545,Office Supplies,Binders,GBC Ibimaster 500 Manual ProClick Binding System
36.96,4,12.012,0.2,South,Tennessee,4357,CA-2016-155600,12/4/2016 0:00,12/7/2016 0:00,Second Class,RO-19780,Rose O'Brian,Consumer,United States,Clarksville,37042,OFF-AR-10003752,Office Supplies,Art,Deluxe Chalkboard Eraser Cleaner
17.48,2,8.2156,0,South,Kentucky,4379,CA-2016-140830,11/30/2016 0:00,12/2/2016 0:00,Second Class,PS-18970,Paul Stevenson,Home Office,United States,Henderson,42420,OFF-EN-10000461,Office Supplies,Envelopes,"#10- 4 1/8"" x 9 1/2"" Recycled Envelopes"
71.88,2,32.346,0,South,Kentucky,4380,CA-2016-140830,11/30/2016 0:00,12/2/2016 0:00,Second Class,PS-18970,Paul Stevenson,Home Office,United States,Henderson,42420,OFF-EN-10002831,Office Supplies,Envelopes,"Tyvek  Top-Opening Peel & Seel  Envelopes, Gray"
31.56,4,14.202,0,South,South Carolina,4556,CA-2016-130218,3/23/2016 0:00,3/26/2016 0:00,First Class,SG-20470,Sheri Gordon,Consumer,United States,Florence,29501,OFF-FA-10003112,Office Supplies,Fasteners,Staples
27.92,4,0.5584,0,South,South Carolina,4557,CA-2016-130218,3/23/2016 0:00,3/26/2016 0:00,First Class,SG-20470,Sheri Gordon,Consumer,United States,Florence,29501,OFF-ST-10002486,Office Supplies,Storage,Eldon Shelf Savers Cubes and Bins
113.1,3,56.55,0,South,Virginia,4579,CA-2016-110947,6/9/2016 0:00,6/15/2016 0:00,Standard Class,AG-10765,Anthony Garverick,Home Office,United States,Hampton,23666,OFF-BI-10001670,Office Supplies,Binders,Vinyl Sectional Post Binders
239.7,6,105.468,0,South,Mississippi,4581,CA-2016-164427,7/31/2016 0:00,8/6/2016 0:00,Standard Class,AR-10405,Allen Rosenblatt,Corporate,United States,Hattiesburg,39401,TEC-AC-10004469,Technology,Accessories,Microsoft Sculpt Comfort Mouse
18.272,1,5.9384,0.2,South,North Carolina,4603,US-2016-113327,5/26/2016 0:00,5/29/2016 0:00,Second Class,BF-11170,Ben Ferrer,Home Office,United States,Jacksonville,28540,OFF-PA-10003790,Office Supplies,Paper,Xerox 1991
153.728,4,53.8048,0.2,South,North Carolina,4604,US-2016-113327,5/26/2016 0:00,5/29/2016 0:00,Second Class,BF-11170,Ben Ferrer,Home Office,United States,Jacksonville,28540,OFF-PA-10003134,Office Supplies,Paper,Xerox 1937
12.224,2,4.4312,0.2,South,North Carolina,4605,US-2016-113327,5/26/2016 0:00,5/29/2016 0:00,Second Class,BF-11170,Ben Ferrer,Home Office,United States,Jacksonville,28540,OFF-EN-10004459,Office Supplies,Envelopes,Security-Tint Envelopes
167.944,7,50.3832,0.2,South,North Carolina,4606,US-2016-113327,5/26/2016 0:00,5/29/2016 0:00,Second Class,BF-11170,Ben Ferrer,Home Office,United States,Jacksonville,28540,TEC-AC-10003628,Technology,Accessories,Logitech 910-002974 M325 Wireless Mouse for Web Scrolling
5.64,3,2.7072,0,South,Georgia,4796,CA-2016-120516,8/13/2016 0:00,8/17/2016 0:00,Standard Class,CK-12595,Clytie Kelty,Consumer,United States,Marietta,30062,OFF-BI-10004187,Office Supplies,Binders,3-ring staple pack
467.04,4,58.38,0.2,South,Tennessee,4966,CA-2016-109708,5/25/2016 0:00,5/28/2016 0:00,Second Class,CY-12745,Craig Yedwab,Corporate,United States,Columbia,38401,TEC-PH-10001944,Technology,Phones,Wi-Ex zBoost YX540 Cellular Phone Signal Booster
717.12,9,152.388,0.2,South,Florida,4976,CA-2016-142202,9/18/2016 0:00,9/23/2016 0:00,Second Class,JR-16210,Justin Ritter,Corporate,United States,Jacksonville,32216,TEC-AC-10003198,Technology,Accessories,Enermax Acrylux Wireless Keyboard
7.24,5,1.1765,0.2,South,Tennessee,4985,CA-2016-160696,9/6/2016 0:00,9/10/2016 0:00,Standard Class,CK-12760,Cyma Kinney,Corporate,United States,Nashville,37211,OFF-FA-10003059,Office Supplies,Fasteners,Assorted Color Push Pins
55.936,8,18.8784,0.2,South,Tennessee,4993,CA-2016-153038,12/18/2016 0:00,12/25/2016 0:00,Standard Class,RB-19645,Robert Barroso,Corporate,United States,Memphis,38109,OFF-EN-10000461,Office Supplies,Envelopes,"#10- 4 1/8"" x 9 1/2"" Recycled Envelopes"
18.432,8,5.9904,0.2,South,Tennessee,4994,CA-2016-153038,12/18/2016 0:00,12/25/2016 0:00,Standard Class,RB-19645,Robert Barroso,Corporate,United States,Memphis,38109,OFF-LA-10004008,Office Supplies,Labels,Avery 507
20.32,5,3.556,0.2,South,Tennessee,4995,CA-2016-153038,12/18/2016 0:00,12/25/2016 0:00,Standard Class,RB-19645,Robert Barroso,Corporate,United States,Memphis,38109,FUR-FU-10000221,Furniture,Furnishings,"Master Caster Door Stop, Brown"
66.36,4,23.226,0,South,Georgia,5107,CA-2016-147102,9/19/2016 0:00,9/26/2016 0:00,Standard Class,NH-18610,Nicole Hansen,Corporate,United States,Columbus,31907,TEC-AC-10000682,Technology,Accessories,Kensington K72356US Mouse-in-a-Box USB Desktop Mouse
107.976,3,37.7916,0.2,South,Florida,5133,CA-2016-123330,6/21/2016 0:00,6/27/2016 0:00,Standard Class,EP-13915,Emily Phan,Consumer,United States,Deltona,32725,TEC-PH-10001819,Technology,Phones,Innergie mMini Combo Duo USB Travel Charging Kit
1801.632,6,-337.806,0.2,South,Florida,5186,CA-2016-134719,10/10/2016 0:00,10/15/2016 0:00,Standard Class,JD-15790,John Dryer,Consumer,United States,Jacksonville,32216,OFF-ST-10004459,Office Supplies,Storage,Tennsco Single-Tier Lockers
182.91,3,53.0439,0,South,Virginia,5253,CA-2016-132318,10/30/2016 0:00,11/2/2016 0:00,First Class,TT-21220,Thomas Thornton,Consumer,United States,Virginia Beach,23464,OFF-AP-10000026,Office Supplies,Appliances,Tripp Lite Isotel 6 Outlet Surge Protector with Fax/Modem Protection
79.96,5,27.986,0.2,South,Florida,5529,CA-2016-137106,3/31/2016 0:00,4/4/2016 0:00,Standard Class,SC-20260,Scott Cohen,Corporate,United States,Jacksonville,32216,TEC-PH-10000011,Technology,Phones,PureGear Roll-On Screen Protector
6.16,2,1.9712,0,South,Mississippi,5557,CA-2016-125066,12/14/2016 0:00,12/18/2016 0:00,Standard Class,KD-16495,Keith Dawkins,Corporate,United States,Jackson,39212,FUR-FU-10003829,Furniture,Furnishings,Stackable Trays
56.3,2,15.764,0,South,Mississippi,5558,CA-2016-125066,12/14/2016 0:00,12/18/2016 0:00,Standard Class,KD-16495,Keith Dawkins,Corporate,United States,Jackson,39212,OFF-AR-10003582,Office Supplies,Art,"Boston Electric Pencil Sharpener, Model 1818, Charcoal Black"
17.94,3,8.7906,0,South,Georgia,5644,CA-2016-166604,5/15/2016 0:00,5/20/2016 0:00,Second Class,AH-10690,Anna Häberlin,Corporate,United States,Roswell,30076,OFF-EN-10004147,Office Supplies,Envelopes,Wausau Papers Astrobrights Colored Envelopes
192.22,14,69.1992,0,South,Virginia,5647,CA-2016-104241,1/4/2016 0:00,1/9/2016 0:00,Standard Class,AG-10495,Andrew Gjertsen,Corporate,United States,Alexandria,22304,FUR-FU-10001473,Furniture,Furnishings,DAX Wood Document Frame
5.56,2,1.4456,0,South,Virginia,5755,CA-2016-150749,3/29/2016 0:00,4/3/2016 0:00,Second Class,AS-10240,Alan Shonely,Consumer,United States,Springfield,22153,OFF-AR-10003732,Office Supplies,Art,Newell 333
46.152,3,12.1149,0.2,South,North Carolina,5758,CA-2016-119634,8/11/2016 0:00,8/16/2016 0:00,Standard Class,BW-11065,Barry Weirich,Consumer,United States,Raleigh,27604,FUR-FU-10004270,Furniture,Furnishings,"Executive Impressions 13"" Clairmont Wall Clock"
32.985,3,-1.9791,0.5,South,Florida,5759,CA-2016-149300,11/22/2016 0:00,11/23/2016 0:00,First Class,BH-11710,Brosina Hoffman,Consumer,United States,Hialeah,33012,TEC-MA-10000423,Technology,Machines,Texas Instruments TI-34 Scientific Calculator
11.672,1,-0.7295,0.2,South,Florida,5815,US-2016-106495,6/15/2016 0:00,6/17/2016 0:00,First Class,AC-10450,Amy Cox,Consumer,United States,Tampa,33614,TEC-AC-10002718,Technology,Accessories,Belkin Standard 104 key USB Keyboard
64.2,5,-42.8,0.7,South,Florida,5835,CA-2016-101868,6/9/2016 0:00,6/16/2016 0:00,Standard Class,MJ-17740,Max Jones,Consumer,United States,Miami,33178,OFF-BI-10003876,Office Supplies,Binders,"Green Canvas Binder for 8-1/2"" x 14"" Sheets"
38.52,3,-26.964,0.7,South,Florida,5836,CA-2016-101868,6/9/2016 0:00,6/16/2016 0:00,Standard Class,MJ-17740,Max Jones,Consumer,United States,Miami,33178,OFF-BI-10002133,Office Supplies,Binders,"Wilson Jones Elliptical Ring 3 1/2"" Capacity Binders, 800 sheets"
72.6,5,-8.1675,0.2,South,Florida,5837,CA-2016-101868,6/9/2016 0:00,6/16/2016 0:00,Standard Class,MJ-17740,Max Jones,Consumer,United States,Miami,33178,TEC-AC-10004396,Technology,Accessories,Logitech Keyboard K120
32.4,5,15.552,0,South,Virginia,5840,CA-2016-134992,9/22/2016 0:00,9/26/2016 0:00,Second Class,MG-17875,Michael Grace,Home Office,United States,Arlington,22204,OFF-PA-10001972,Office Supplies,Paper,Xerox 214
47.98,2,11.0354,0,South,Virginia,5841,CA-2016-134992,9/22/2016 0:00,9/26/2016 0:00,Second Class,MG-17875,Michael Grace,Home Office,United States,Arlington,22204,FUR-FU-10002554,Furniture,Furnishings,"Westinghouse Floor Lamp with Metal Mesh Shade, Black"
301.96,2,45.294,0,South,Arkansas,5860,CA-2016-108119,11/1/2016 0:00,11/8/2016 0:00,Standard Class,MS-17530,MaryBeth Skach,Consumer,United States,Conway,72032,FUR-TA-10002530,Furniture,Tables,"Iceberg OfficeWorks 42"" Round Tables"
45.68,2,21.0128,0,South,Kentucky,5889,CA-2016-147879,5/7/2016 0:00,5/12/2016 0:00,Standard Class,CC-12220,Chris Cortes,Consumer,United States,Owensboro,42301,OFF-PA-10001952,Office Supplies,Paper,Xerox 1902
16.146,9,-12.9168,0.7,South,Florida,6048,CA-2016-105571,11/7/2016 0:00,11/11/2016 0:00,Standard Class,CP-12340,Christine Phan,Corporate,United States,Miami,33142,OFF-BI-10003305,Office Supplies,Binders,Avery Hanging File Binders
1345.485,5,-1031.5385,0.7,South,Florida,6049,CA-2016-105571,11/7/2016 0:00,11/11/2016 0:00,Standard Class,CP-12340,Christine Phan,Corporate,United States,Miami,33142,OFF-BI-10001359,Office Supplies,Binders,GBC DocuBind TL300 Electric Binding System
88.96,8,10.008,0.2,South,Tennessee,6067,CA-2016-151547,1/17/2016 0:00,1/23/2016 0:00,Standard Class,AH-10465,Amy Hunt,Consumer,United States,Bartlett,38134,OFF-SU-10000898,Office Supplies,Supplies,"Acme Hot Forged Carbon Steel Scissors with Nickel-Plated Handles, 3 7/8"" Cut, 8""L"
6.48,1,3.1104,0,South,Georgia,6089,CA-2016-137281,6/13/2016 0:00,6/17/2016 0:00,Standard Class,BF-10975,Barbara Fisher,Corporate,United States,Roswell,30076,OFF-PA-10001870,Office Supplies,Paper,Xerox 202
13.632,4,3.5784,0.2,South,Florida,6106,CA-2016-147011,6/18/2016 0:00,6/22/2016 0:00,Standard Class,HR-14830,Harold Ryan,Corporate,United States,Miami,33178,OFF-AR-10002399,Office Supplies,Art,"Dixon Prang Watercolor Pencils, 10-Color Set with Brush"
1690.04,4,422.51,0,South,South Carolina,6176,CA-2016-158421,9/21/2016 0:00,9/26/2016 0:00,Standard Class,GB-14575,Giulietta Baptist,Consumer,United States,Columbia,29203,FUR-CH-10000309,Furniture,Chairs,Global Comet Stacking Arm Chair
85.96,7,24.0688,0,South,South Carolina,6177,CA-2016-158421,9/21/2016 0:00,9/26/2016 0:00,Standard Class,GB-14575,Giulietta Baptist,Consumer,United States,Columbia,29203,OFF-ST-10002444,Office Supplies,Storage,Recycled Eldon Regeneration Jumbo File
121.96,2,57.3212,0,South,South Carolina,6178,CA-2016-158421,9/21/2016 0:00,9/26/2016 0:00,Standard Class,GB-14575,Giulietta Baptist,Consumer,United States,Columbia,29203,OFF-EN-10001453,Office Supplies,Envelopes,"Tyvek Interoffice Envelopes, 9 1/2"" x 12 1/2"", 100/Box"
23.92,4,11.7208,0,South,South Carolina,6179,CA-2016-158421,9/21/2016 0:00,9/26/2016 0:00,Standard Class,GB-14575,Giulietta Baptist,Consumer,United States,Columbia,29203,OFF-PA-10001801,Office Supplies,Paper,Xerox 193
63.96,2,6.396,0,South,South Carolina,6180,CA-2016-158421,9/21/2016 0:00,9/26/2016 0:00,Standard Class,GB-14575,Giulietta Baptist,Consumer,United States,Columbia,29203,OFF-ST-10000563,Office Supplies,Storage,Fellowes Bankers Box Stor/Drawer Steel Plus
629.95,5,176.386,0,South,South Carolina,6181,CA-2016-158421,9/21/2016 0:00,9/26/2016 0:00,Standard Class,GB-14575,Giulietta Baptist,Consumer,United States,Columbia,29203,TEC-PH-10000369,Technology,Phones,HTC One Mini
113.73,3,32.9817,0,South,South Carolina,6182,CA-2016-158421,9/21/2016 0:00,9/26/2016 0:00,Standard Class,GB-14575,Giulietta Baptist,Consumer,United States,Columbia,29203,TEC-PH-10002538,Technology,Phones,Grandstream GXP1160 VoIP phone
14.6,2,6.862,0,South,South Carolina,6183,CA-2016-158421,9/21/2016 0:00,9/26/2016 0:00,Standard Class,GB-14575,Giulietta Baptist,Consumer,United States,Columbia,29203,OFF-BI-10000050,Office Supplies,Binders,"Angle-D Binders with Locking Rings, Label Holders"
887.84,8,17.7568,0,South,South Carolina,6184,CA-2016-158421,9/21/2016 0:00,9/26/2016 0:00,Standard Class,GB-14575,Giulietta Baptist,Consumer,United States,Columbia,29203,OFF-ST-10004186,Office Supplies,Storage,"Stur-D-Stor Shelving, Vertical 5-Shelf: 72""H x 36""W x 18 1/2""D"
29.97,3,0.2997,0,South,Kentucky,6218,US-2016-129553,7/27/2016 0:00,8/2/2016 0:00,Standard Class,PG-18820,Patrick Gardner,Consumer,United States,Louisville,40214,TEC-PH-10004897,Technology,Phones,Mediabridge Sport Armband iPhone 5s
21.36,8,8.1168,0,South,Alabama,6255,CA-2016-151624,9/8/2016 0:00,9/14/2016 0:00,Standard Class,VW-21775,Victoria Wilson,Corporate,United States,Montgomery,36116,FUR-FU-10001731,Furniture,Furnishings,Acrylic Self-Standing Desk Frames
3.444,1,-2.5256,0.7,South,Florida,6257,CA-2016-133977,9/6/2016 0:00,9/8/2016 0:00,Second Class,AT-10435,Alyssa Tate,Home Office,United States,Tamarac,33319,OFF-BI-10003166,Office Supplies,Binders,GBC Plasticlear Binding Covers
311.15,5,146.2405,0,South,Virginia,6390,CA-2016-147529,2/7/2016 0:00,2/11/2016 0:00,Standard Class,DK-12835,Damala Kotsonis,Corporate,United States,Springfield,22153,OFF-EN-10000056,Office Supplies,Envelopes,Cameo Buff Policy Envelopes
12.96,2,6.3504,0,South,Virginia,6391,CA-2016-147529,2/7/2016 0:00,2/11/2016 0:00,Standard Class,DK-12835,Damala Kotsonis,Corporate,United States,Springfield,22153,OFF-PA-10003349,Office Supplies,Paper,Xerox 1957
177.48,3,19.9665,0.2,South,North Carolina,6405,CA-2016-156328,11/30/2016 0:00,12/5/2016 0:00,Standard Class,RM-19375,Raymond Messe,Consumer,United States,Raleigh,27604,TEC-PH-10001198,Technology,Phones,Avaya 4621SW VoIP phone
84.96,6,6.372,0.2,South,Tennessee,6466,CA-2016-114503,11/13/2016 0:00,11/17/2016 0:00,Standard Class,AA-10375,Allen Armold,Consumer,United States,Lebanon,37087,OFF-ST-10003572,Office Supplies,Storage,Portfile Personal File Boxes
962.08,4,156.338,0.2,South,North Carolina,6487,CA-2016-120621,3/21/2016 0:00,3/26/2016 0:00,Standard Class,JW-16075,Julia West,Consumer,United States,Jacksonville,28540,OFF-AP-10002945,Office Supplies,Appliances,Honeywell Enviracaire Portable HEPA Air Cleaner for 17' x 22' Room
12.843,3,-9.8463,0.7,South,North Carolina,6488,CA-2016-120621,3/21/2016 0:00,3/26/2016 0:00,Standard Class,JW-16075,Julia West,Consumer,United States,Jacksonville,28540,OFF-BI-10000948,Office Supplies,Binders,"GBC Laser Imprintable Binding System Covers, Desert Sand"
295.456,14,96.0232,0.2,South,North Carolina,6489,CA-2016-120621,3/21/2016 0:00,3/26/2016 0:00,Standard Class,JW-16075,Julia West,Consumer,United States,Jacksonville,28540,OFF-PA-10002254,Office Supplies,Paper,Xerox 1883
20.94,3,6.0726,0,South,Kentucky,6498,CA-2016-103135,7/24/2016 0:00,7/28/2016 0:00,Standard Class,SS-20515,Shirley Schmidt,Home Office,United States,Louisville,40214,FUR-FU-10001487,Furniture,Furnishings,"Eldon Expressions Wood and Plastic Desk Accessories, Cherry Wood"
135.09,9,62.1414,0,South,Kentucky,6499,CA-2016-103135,7/24/2016 0:00,7/28/2016 0:00,Standard Class,SS-20515,Shirley Schmidt,Home Office,United States,Louisville,40214,OFF-BI-10000069,Office Supplies,Binders,"GBC Prepunched Paper, 19-Hole, for Binding Systems, 24-lb"
279.86,14,64.3678,0,South,Kentucky,6500,CA-2016-103135,7/24/2016 0:00,7/28/2016 0:00,Standard Class,SS-20515,Shirley Schmidt,Home Office,United States,Louisville,40214,TEC-AC-10003289,Technology,Accessories,Anker Ultra-Slim Mini Bluetooth 3.0 Wireless Keyboard
90.06,6,41.4276,0,South,Kentucky,6501,CA-2016-103135,7/24/2016 0:00,7/28/2016 0:00,Standard Class,SS-20515,Shirley Schmidt,Home Office,United States,Louisville,40214,OFF-BI-10000069,Office Supplies,Binders,"GBC Prepunched Paper, 19-Hole, for Binding Systems, 24-lb"
173.94,6,50.4426,0,South,Virginia,6578,CA-2016-153752,12/6/2016 0:00,12/11/2016 0:00,Second Class,RO-19780,Rose O'Brian,Consumer,United States,Arlington,22204,TEC-PH-10001615,Technology,Phones,AT&T CL82213
191.96,2,51.8292,0,South,Kentucky,6612,CA-2016-107678,4/21/2016 0:00,4/28/2016 0:00,Standard Class,JK-16090,Juliana Krohn,Consumer,United States,Louisville,40214,FUR-CH-10001891,Furniture,Chairs,Global Deluxe Office Fabric Chairs
21.3,3,9.798,0,South,Kentucky,6613,CA-2016-107678,4/21/2016 0:00,4/28/2016 0:00,Standard Class,JK-16090,Juliana Krohn,Consumer,United States,Louisville,40214,OFF-BI-10002215,Office Supplies,Binders,"Wilson Jones Hanging View Binder, White, 1"""
469.95,5,131.586,0,South,Kentucky,6614,CA-2016-107678,4/21/2016 0:00,4/28/2016 0:00,Standard Class,JK-16090,Juliana Krohn,Consumer,United States,Louisville,40214,TEC-PH-10002103,Technology,Phones,Jabra SPEAK 410
209.88,3,35.6796,0,South,Kentucky,6615,CA-2016-107678,4/21/2016 0:00,4/28/2016 0:00,Standard Class,JK-16090,Juliana Krohn,Consumer,United States,Louisville,40214,FUR-FU-10003394,Furniture,Furnishings,"Tenex ""The Solids"" Textured Chair Mats"
7.38,5,-5.412,0.7,South,North Carolina,6630,CA-2016-125696,10/2/2016 0:00,10/6/2016 0:00,Standard Class,NP-18685,Nora Pelletier,Home Office,United States,Wilson,27893,OFF-BI-10001757,Office Supplies,Binders,Pressboard Hanging Data Binders for Unburst Sheets
67.96,4,12.2328,0,South,Virginia,6674,CA-2016-135510,9/5/2016 0:00,9/12/2016 0:00,Standard Class,TW-21025,Tamara Willingham,Home Office,United States,Charlottesville,22901,FUR-FU-10000820,Furniture,Furnishings,Tensor Brushed Steel Torchiere Floor Lamp
163.136,4,20.392,0.2,South,North Carolina,6702,CA-2016-153535,5/20/2016 0:00,5/24/2016 0:00,Standard Class,SG-20470,Sheri Gordon,Consumer,United States,Wilson,27893,FUR-FU-10001986,Furniture,Furnishings,"Dana Fluorescent Magnifying Lamp, White, 36"""
6.408,4,-4.9128,0.7,South,North Carolina,6703,CA-2016-153535,5/20/2016 0:00,5/24/2016 0:00,Standard Class,SG-20470,Sheri Gordon,Consumer,United States,Wilson,27893,OFF-BI-10001031,Office Supplies,Binders,Pressboard Data Binders by Wilson Jones
6.129,3,-4.4946,0.7,South,Tennessee,6730,CA-2016-156734,6/18/2016 0:00,6/20/2016 0:00,First Class,BV-11245,Benjamin Venier,Corporate,United States,Smyrna,37167,OFF-BI-10002982,Office Supplies,Binders,Avery Self-Adhesive Photo Pockets for Polaroid Photos
643.136,4,56.2744,0.2,South,Tennessee,6731,CA-2016-156734,6/18/2016 0:00,6/20/2016 0:00,First Class,BV-11245,Benjamin Venier,Corporate,United States,Smyrna,37167,FUR-CH-10002965,Furniture,Chairs,"Global Leather Highback Executive Chair with Pneumatic Height Adjustment, Black"
20.736,4,7.2576,0.2,South,Tennessee,6732,CA-2016-156734,6/18/2016 0:00,6/20/2016 0:00,First Class,BV-11245,Benjamin Venier,Corporate,United States,Smyrna,37167,OFF-PA-10001937,Office Supplies,Paper,Xerox 21
11.696,2,3.9474,0.2,South,Florida,6735,CA-2016-141754,12/20/2016 0:00,12/25/2016 0:00,Standard Class,EM-14200,Evan Minnotte,Home Office,United States,Miami,33142,OFF-LA-10004093,Office Supplies,Labels,Avery 486
129.93,3,12.993,0,South,Georgia,6788,CA-2016-118843,9/13/2016 0:00,9/20/2016 0:00,Standard Class,JH-15910,Jonathan Howell,Consumer,United States,Atlanta,30318,FUR-FU-10003975,Furniture,Furnishings,Eldon Advantage Chair Mats for Low to Medium Pile Carpets
69.93,7,31.4685,0,South,Georgia,6789,CA-2016-118843,9/13/2016 0:00,9/20/2016 0:00,Standard Class,JH-15910,Jonathan Howell,Consumer,United States,Atlanta,30318,OFF-PA-10001712,Office Supplies,Paper,Xerox 1948
140.736,4,12.3144,0.2,South,North Carolina,6790,CA-2016-161445,9/7/2016 0:00,9/9/2016 0:00,Second Class,CC-12610,Corey Catlett,Corporate,United States,Durham,27707,OFF-AR-10001953,Office Supplies,Art,Boston 1645 Deluxe Heavier-Duty Electric Pencil Sharpener
98.46,9,49.23,0,South,Alabama,6824,CA-2016-154291,7/25/2016 0:00,7/29/2016 0:00,Standard Class,YS-21880,Yana Sorensen,Corporate,United States,Montgomery,36116,OFF-EN-10001335,Office Supplies,Envelopes,"White Business Envelopes with Contemporary Seam, Recycled White Business Envelopes"
358.58,2,39.4438,0,South,Alabama,6825,CA-2016-154291,7/25/2016 0:00,7/29/2016 0:00,Standard Class,YS-21880,Yana Sorensen,Corporate,United States,Montgomery,36116,FUR-TA-10002041,Furniture,Tables,"Bevis Round Conference Table Top, X-Base"
55.984,2,4.1988,0.2,South,Florida,6914,CA-2016-104115,6/12/2016 0:00,6/16/2016 0:00,Standard Class,JH-15910,Jonathan Howell,Consumer,United States,West Palm Beach,33407,TEC-PH-10002844,Technology,Phones,Speck Products Candyshell Flip Case
491.55,5,240.8595,0,South,Alabama,6923,CA-2016-134257,3/16/2016 0:00,3/19/2016 0:00,Second Class,MS-17710,Maurice Satty,Consumer,United States,Auburn,36830,OFF-LA-10003930,Office Supplies,Labels,"Dot Matrix Printer Tape Reel Labels, White, 5000/Box"
7.38,2,3.3948,0,South,Alabama,6924,CA-2016-134257,3/16/2016 0:00,3/19/2016 0:00,Second Class,MS-17710,Maurice Satty,Consumer,United States,Auburn,36830,OFF-EN-10003845,Office Supplies,Envelopes,Colored Envelopes
44.43,3,18.6606,0,South,Virginia,6991,CA-2016-109386,11/8/2016 0:00,11/13/2016 0:00,Second Class,RH-19600,Rob Haberlin,Consumer,United States,Hampton,23666,OFF-AP-10003266,Office Supplies,Appliances,"Holmes Replacement Filter for HEPA Air Cleaner, Large Room"
226.2,5,58.812,0,South,Virginia,6992,CA-2016-109386,11/8/2016 0:00,11/13/2016 0:00,Second Class,RH-19600,Rob Haberlin,Consumer,United States,Hampton,23666,TEC-PH-10002890,Technology,Phones,AT&T 17929 Lendline Telephone
186.54,3,41.0388,0,South,Virginia,6993,CA-2016-109386,11/8/2016 0:00,11/13/2016 0:00,Second Class,RH-19600,Rob Haberlin,Consumer,United States,Hampton,23666,FUR-FU-10000308,Furniture,Furnishings,Deflect-o Glass Clear Studded Chair Mats
265.86,7,79.758,0,South,Virginia,6994,CA-2016-109386,11/8/2016 0:00,11/13/2016 0:00,Second Class,RH-19600,Rob Haberlin,Consumer,United States,Hampton,23666,OFF-AR-10000380,Office Supplies,Art,"Hunt PowerHouse Electric Pencil Sharpener, Blue"
27.9,5,6.975,0,South,Virginia,6995,CA-2016-109386,11/8/2016 0:00,11/13/2016 0:00,Second Class,RH-19600,Rob Haberlin,Consumer,United States,Hampton,23666,OFF-AR-10000122,Office Supplies,Art,Newell 314
106.32,3,49.9704,0,South,Kentucky,7091,CA-2016-119480,1/9/2016 0:00,1/13/2016 0:00,Standard Class,CC-12685,Craig Carroll,Consumer,United States,Henderson,42420,OFF-PA-10000474,Office Supplies,Paper,Easy-staple paper
163.44,3,45.7632,0,South,Kentucky,7092,CA-2016-119480,1/9/2016 0:00,1/13/2016 0:00,Standard Class,CC-12685,Craig Carroll,Consumer,United States,Henderson,42420,OFF-AP-10001205,Office Supplies,Appliances,Belkin 5 Outlet SurgeMaster Power Centers
42.76,2,11.1176,0,South,Kentucky,7093,CA-2016-119480,1/9/2016 0:00,1/13/2016 0:00,Standard Class,CC-12685,Craig Carroll,Consumer,United States,Henderson,42420,OFF-AR-10004691,Office Supplies,Art,Boston 1730 StandUp Electric Pencil Sharpener
51.55,5,24.2285,0,South,Kentucky,7094,CA-2016-119480,1/9/2016 0:00,1/13/2016 0:00,Standard Class,CC-12685,Craig Carroll,Consumer,United States,Henderson,42420,OFF-PA-10004996,Office Supplies,Paper,"Speediset Carbonless Redi-Letter 7"" x 8 1/2"""
7.23,5,-5.784,0.7,South,Florida,7137,CA-2016-163965,11/20/2016 0:00,11/27/2016 0:00,Standard Class,SS-20875,Sung Shariari,Consumer,United States,Miami,33180,OFF-BI-10004728,Office Supplies,Binders,Wilson Jones Turn Tabs Binder Tool for Ring Binders
17.44,2,1.308,0.2,South,Florida,7138,CA-2016-163965,11/20/2016 0:00,11/27/2016 0:00,Standard Class,SS-20875,Sung Shariari,Consumer,United States,Miami,33180,OFF-ST-10000918,Office Supplies,Storage,Crate-A-Files
62.88,4,-50.304,0.7,South,Florida,7139,CA-2016-163965,11/20/2016 0:00,11/27/2016 0:00,Standard Class,SS-20875,Sung Shariari,Consumer,United States,Miami,33180,OFF-BI-10004593,Office Supplies,Binders,Ibico Laser Imprintable Binding System Covers
290.352,3,-36.294,0.2,South,Florida,7140,CA-2016-163965,11/20/2016 0:00,11/27/2016 0:00,Standard Class,SS-20875,Sung Shariari,Consumer,United States,Miami,33180,FUR-BO-10001337,Furniture,Bookcases,O'Sullivan Living Dimensions 2-Shelf Bookcases
275.88,6,46.8996,0,South,Georgia,7155,US-2016-136749,12/25/2016 0:00,12/27/2016 0:00,Second Class,LH-16900,Lena Hernandez,Consumer,United States,Columbus,31907,FUR-FU-10000747,Furniture,Furnishings,Tenex B1-RE Series Chair Mats for Low Pile Carpets
157.9,5,74.213,0,South,Georgia,7156,US-2016-136749,12/25/2016 0:00,12/27/2016 0:00,Second Class,LH-16900,Lena Hernandez,Consumer,United States,Columbus,31907,OFF-BI-10004492,Office Supplies,Binders,Tuf-Vin Binders
1.872,2,-1.3104,0.7,South,Florida,7312,CA-2016-162761,10/9/2016 0:00,10/13/2016 0:00,Standard Class,SC-20575,Sonia Cooley,Consumer,United States,Miami,33178,OFF-BI-10000145,Office Supplies,Binders,Zipper Ring Binder Pockets
11.214,2,-8.5974,0.7,South,Florida,7313,CA-2016-162761,10/9/2016 0:00,10/13/2016 0:00,Standard Class,SC-20575,Sonia Cooley,Consumer,United States,Miami,33178,OFF-BI-10002498,Office Supplies,Binders,Clear Mylar Reinforcing Strips
37.376,8,7.4752,0.2,South,Florida,7314,CA-2016-162761,10/9/2016 0:00,10/13/2016 0:00,Standard Class,SC-20575,Sonia Cooley,Consumer,United States,Miami,33178,OFF-AR-10001761,Office Supplies,Art,Avery Hi-Liter Smear-Safe Highlighters
67.36,2,10.104,0.2,South,Florida,7334,CA-2016-125563,4/11/2016 0:00,4/17/2016 0:00,Standard Class,PR-18880,Patrick Ryan,Consumer,United States,Tampa,33614,FUR-FU-10001290,Furniture,Furnishings,Executive Impressions Supervisor Wall Clock
54.528,3,14.3136,0.2,South,Florida,7335,CA-2016-125563,4/11/2016 0:00,4/17/2016 0:00,Standard Class,PR-18880,Patrick Ryan,Consumer,United States,Tampa,33614,FUR-FU-10000087,Furniture,Furnishings,"Executive Impressions 14"" Two-Color Numerals Wall Clock"
4.608,2,1.6704,0.2,South,North Carolina,7370,CA-2016-110345,3/9/2016 0:00,3/11/2016 0:00,Second Class,TG-21310,Toby Gnade,Consumer,United States,Raleigh,27604,OFF-LA-10001175,Office Supplies,Labels,Avery 514
10.272,3,1.1556,0.2,South,North Carolina,7379,CA-2016-136224,5/31/2016 0:00,5/31/2016 0:00,Same Day,ML-18265,Muhammed Lee,Consumer,United States,Fayetteville,28314,OFF-AR-10003504,Office Supplies,Art,Newell 347
569.64,2,148.1064,0,South,Virginia,7457,CA-2016-137974,4/16/2016 0:00,4/18/2016 0:00,First Class,LL-16840,Lauren Leatherbury,Consumer,United States,Waynesboro,22980,TEC-PH-10002033,Technology,Phones,Konftel 250 Conference phone - Charcoal black
9.14,1,4.57,0,South,Virginia,7458,CA-2016-137974,4/16/2016 0:00,4/18/2016 0:00,First Class,LL-16840,Lauren Leatherbury,Consumer,United States,Waynesboro,22980,OFF-BI-10001036,Office Supplies,Binders,Cardinal EasyOpen D-Ring Binders
1196.86,7,119.686,0,South,Virginia,7459,CA-2016-137974,4/16/2016 0:00,4/18/2016 0:00,First Class,LL-16840,Lauren Leatherbury,Consumer,United States,Waynesboro,22980,FUR-FU-10001468,Furniture,Furnishings,Tenex Antistatic Computer Chair Mats
523.26,9,125.5824,0,South,Virginia,7460,CA-2016-137974,4/16/2016 0:00,4/18/2016 0:00,First Class,LL-16840,Lauren Leatherbury,Consumer,United States,Waynesboro,22980,FUR-BO-10001519,Furniture,Bookcases,O'Sullivan 3-Shelf Heavy-Duty Bookcases
19.56,4,5.4768,0,South,Alabama,7654,CA-2016-121552,3/22/2016 0:00,3/27/2016 0:00,Standard Class,FW-14395,Fred Wasserman,Corporate,United States,Huntsville,35810,OFF-AR-10003217,Office Supplies,Art,Newell 316
60.84,3,19.4688,0,South,Virginia,7749,CA-2016-133242,6/18/2016 0:00,6/24/2016 0:00,Standard Class,KH-16510,Keith Herrera,Consumer,United States,Arlington,22204,FUR-FU-10003464,Furniture,Furnishings,"Seth Thomas 8 1/2"" Cubicle Clock"
450.04,2,58.5052,0,South,Virginia,7750,CA-2016-133242,6/18/2016 0:00,6/24/2016 0:00,Standard Class,KH-16510,Keith Herrera,Consumer,United States,Arlington,22204,OFF-ST-10003716,Office Supplies,Storage,Tennsco Double-Tier Lockers
34.6,2,16.608,0,South,Virginia,7751,CA-2016-133242,6/18/2016 0:00,6/24/2016 0:00,Standard Class,KH-16510,Keith Herrera,Consumer,United States,Arlington,22204,OFF-BI-10004002,Office Supplies,Binders,Wilson Jones International Size A4 Ring Binders
467.97,3,140.391,0,South,Virginia,7752,CA-2016-133242,6/18/2016 0:00,6/24/2016 0:00,Standard Class,KH-16510,Keith Herrera,Consumer,United States,Arlington,22204,TEC-PH-10002496,Technology,Phones,Cisco SPA301
33.02,2,15.8496,0,South,Virginia,7753,CA-2016-133242,6/18/2016 0:00,6/24/2016 0:00,Standard Class,KH-16510,Keith Herrera,Consumer,United States,Arlington,22204,OFF-BI-10004826,Office Supplies,Binders,JM Magazine Binder
17.088,2,1.068,0.2,South,North Carolina,7754,CA-2016-158323,11/30/2016 0:00,12/3/2016 0:00,First Class,AB-10600,Ann Blume,Corporate,United States,Jacksonville,28540,FUR-FU-10001546,Furniture,Furnishings,Dana Swing-Arm Lamps
74.52,9,35.0244,0,South,Georgia,7764,CA-2016-103093,2/3/2016 0:00,2/7/2016 0:00,Standard Class,FO-14305,Frank Olsen,Consumer,United States,Columbus,31907,OFF-EN-10003286,Office Supplies,Envelopes,Staple envelope
12,4,4.2,0.2,South,Tennessee,7803,CA-2016-102260,9/22/2016 0:00,9/26/2016 0:00,Standard Class,SJ-20125,Sanjit Jacobs,Home Office,United States,Franklin,37064,OFF-LA-10003714,Office Supplies,Labels,Avery 510
720.064,4,-63.0056,0.2,South,Tennessee,7804,CA-2016-102260,9/22/2016 0:00,9/26/2016 0:00,Standard Class,SJ-20125,Sanjit Jacobs,Home Office,United States,Franklin,37064,OFF-ST-10003716,Office Supplies,Storage,Tennsco Double-Tier Lockers
25.424,1,-4.767,0.2,South,Tennessee,7805,CA-2016-102260,9/22/2016 0:00,9/26/2016 0:00,Standard Class,SJ-20125,Sanjit Jacobs,Home Office,United States,Franklin,37064,OFF-ST-10002289,Office Supplies,Storage,"Safco Wire Cube Shelving System, For Use as 4 or 5 14"" Cubes, Black"
2.816,2,0.3168,0.2,South,Tennessee,7806,CA-2016-102260,9/22/2016 0:00,9/26/2016 0:00,Standard Class,SJ-20125,Sanjit Jacobs,Home Office,United States,Franklin,37064,OFF-AR-10001315,Office Supplies,Art,Newell 310
3.204,2,-2.5632,0.7,South,Tennessee,7807,CA-2016-102260,9/22/2016 0:00,9/26/2016 0:00,Standard Class,SJ-20125,Sanjit Jacobs,Home Office,United States,Franklin,37064,OFF-BI-10000042,Office Supplies,Binders,"Pressboard Data Binder, Crimson, 12"" X 8 1/2"""
13.12,5,2.132,0.2,South,Florida,7834,CA-2016-128958,1/24/2016 0:00,1/28/2016 0:00,Standard Class,CR-12820,Cyra Reiten,Home Office,United States,West Palm Beach,33407,OFF-AR-10004757,Office Supplies,Art,Crayola Colored Pencils
154.9,5,69.705,0,South,Virginia,7846,CA-2016-125976,9/27/2016 0:00,10/2/2016 0:00,Standard Class,JK-15205,Jamie Kunitz,Consumer,United States,Arlington,22204,OFF-PA-10001125,Office Supplies,Paper,Xerox 1988
1871.88,12,561.564,0,South,Virginia,7847,CA-2016-125976,9/27/2016 0:00,10/2/2016 0:00,Standard Class,JK-15205,Jamie Kunitz,Consumer,United States,Arlington,22204,TEC-PH-10002496,Technology,Phones,Cisco SPA301
5.04,2,1.764,0.2,South,North Carolina,7878,CA-2016-148705,3/12/2016 0:00,3/18/2016 0:00,Standard Class,EB-14170,Evan Bailliet,Consumer,United States,Charlotte,28205,OFF-LA-10001641,Office Supplies,Labels,Avery 518
27.42,3,9.3228,0,South,Georgia,8077,CA-2016-106187,6/23/2016 0:00,6/29/2016 0:00,Standard Class,RF-19345,Randy Ferguson,Corporate,United States,East Point,30344,FUR-FU-10000794,Furniture,Furnishings,"Eldon Stackable Tray, Side-Load, Legal, Smoke"
165.98,1,74.691,0,South,Georgia,8078,CA-2016-106187,6/23/2016 0:00,6/29/2016 0:00,Standard Class,RF-19345,Randy Ferguson,Corporate,United States,East Point,30344,OFF-BI-10004519,Office Supplies,Binders,GBC DocuBind P100 Manual Binding Machine
75,3,18,0,South,Georgia,8079,CA-2016-106187,6/23/2016 0:00,6/29/2016 0:00,Standard Class,RF-19345,Randy Ferguson,Corporate,United States,East Point,30344,TEC-AC-10001590,Technology,Accessories,Dell Slim USB Multimedia Keyboard
6.048,7,-4.2336,0.7,South,North Carolina,8193,CA-2016-141327,11/30/2016 0:00,12/3/2016 0:00,First Class,LR-16915,Lena Radford,Consumer,United States,Durham,27707,OFF-BI-10000546,Office Supplies,Binders,Avery Durable Binders
98.352,3,9.8352,0.2,South,North Carolina,8194,CA-2016-141327,11/30/2016 0:00,12/3/2016 0:00,First Class,LR-16915,Lena Radford,Consumer,United States,Durham,27707,OFF-AP-10001293,Office Supplies,Appliances,Belkin 8 Outlet Surge Protector
335.744,2,25.1808,0.2,South,North Carolina,8195,CA-2016-141327,11/30/2016 0:00,12/3/2016 0:00,First Class,LR-16915,Lena Radford,Consumer,United States,Durham,27707,FUR-FU-10000576,Furniture,Furnishings,Luxo Professional Fluorescent Magnifier Lamp with Clamp-Mount Base
191.5155,1,-76.6062,0.45,South,Florida,8207,CA-2016-122266,4/26/2016 0:00,4/30/2016 0:00,Standard Class,SA-20830,Sue Ann Reed,Consumer,United States,Daytona Beach,32114,FUR-TA-10000577,Furniture,Tables,Bretford CR4500 Series Slim Rectangular Table
2.624,1,0.4264,0.2,South,Florida,8208,CA-2016-122266,4/26/2016 0:00,4/30/2016 0:00,Standard Class,SA-20830,Sue Ann Reed,Consumer,United States,Daytona Beach,32114,OFF-AR-10004757,Office Supplies,Art,Crayola Colored Pencils
1369.764,6,-913.176,0.7,South,Tennessee,8209,CA-2016-141565,9/20/2016 0:00,9/24/2016 0:00,Standard Class,BG-11035,Barry Gonzalez,Consumer,United States,Nashville,37211,OFF-BI-10000545,Office Supplies,Binders,GBC Ibimaster 500 Manual ProClick Binding System
294.368,4,-58.8736,0.2,South,Tennessee,8210,CA-2016-141565,9/20/2016 0:00,9/24/2016 0:00,Standard Class,BG-11035,Barry Gonzalez,Consumer,United States,Nashville,37211,OFF-ST-10001522,Office Supplies,Storage,"Gould Plastics 18-Pocket Panel Bin, 34w x 5-1/4d x 20-1/2h"
6.336,4,-4.6464,0.7,South,Tennessee,8214,CA-2016-120845,9/25/2016 0:00,10/2/2016 0:00,Standard Class,ML-17395,Marina Lichtenstein,Corporate,United States,Murfreesboro,37130,OFF-BI-10001116,Office Supplies,Binders,"Wilson Jones 1"" Hanging DublLock Ring Binders"
10.48,1,3.799,0.2,South,Tennessee,8215,CA-2016-120845,9/25/2016 0:00,10/2/2016 0:00,Standard Class,ML-17395,Marina Lichtenstein,Corporate,United States,Murfreesboro,37130,OFF-PA-10004665,Office Supplies,Paper,Advantus Motivational Note Cards
2.469,1,-1.8106,0.7,South,Tennessee,8216,CA-2016-120845,9/25/2016 0:00,10/2/2016 0:00,Standard Class,ML-17395,Marina Lichtenstein,Corporate,United States,Murfreesboro,37130,OFF-BI-10004506,Office Supplies,Binders,Wilson Jones data.warehouse D-Ring Binders with DublLock
3.264,2,-2.2848,0.7,South,Tennessee,8217,CA-2016-120845,9/25/2016 0:00,10/2/2016 0:00,Standard Class,ML-17395,Marina Lichtenstein,Corporate,United States,Murfreesboro,37130,OFF-BI-10001982,Office Supplies,Binders,Wilson Jones Custom Binder Spines & Labels
13.092,4,-10.0372,0.7,South,North Carolina,8264,CA-2016-138457,9/13/2016 0:00,9/17/2016 0:00,Standard Class,AM-10705,Anne McFarland,Consumer,United States,Jacksonville,28540,OFF-BI-10000014,Office Supplies,Binders,Heavy-Duty E-Z-D Binders
4.928,2,0.7392,0.2,South,North Carolina,8298,US-2016-158911,7/5/2016 0:00,7/11/2016 0:00,Standard Class,RS-19765,Roland Schwarz,Corporate,United States,Charlotte,28205,FUR-FU-10003829,Furniture,Furnishings,Stackable Trays
11.784,3,4.2717,0.2,South,North Carolina,8299,US-2016-158911,7/5/2016 0:00,7/11/2016 0:00,Standard Class,RS-19765,Roland Schwarz,Corporate,United States,Charlotte,28205,OFF-LA-10003223,Office Supplies,Labels,Avery 508
9.952,1,0.9952,0.2,South,Florida,8474,CA-2016-169733,10/22/2016 0:00,10/26/2016 0:00,Second Class,GM-14500,Gene McClure,Consumer,United States,Hollywood,33021,OFF-ST-10000876,Office Supplies,Storage,Eldon Simplefile Box Office
17.52,3,8.2344,0,South,Kentucky,8515,CA-2016-122168,8/21/2016 0:00,8/26/2016 0:00,Standard Class,HG-14965,Henry Goldwyn,Corporate,United States,Florence,41042,OFF-AR-10003602,Office Supplies,Art,"Quartet Omega Colored Chalk, 12/Pack"
35.76,12,10.0128,0,South,Kentucky,8516,CA-2016-122168,8/21/2016 0:00,8/26/2016 0:00,Standard Class,HG-14965,Henry Goldwyn,Corporate,United States,Florence,41042,OFF-AR-10002053,Office Supplies,Art,"Premium Writing Pencils, Soft, #2 by Central Association for the Blind"
9.82,2,4.8118,0,South,Georgia,8535,CA-2016-169677,1/13/2016 0:00,1/15/2016 0:00,Second Class,KS-16300,Karen Seio,Corporate,United States,Columbus,31907,OFF-LA-10003223,Office Supplies,Labels,Avery 508
447.944,7,89.5888,0.2,South,Florida,8556,CA-2016-117884,3/22/2016 0:00,3/22/2016 0:00,Same Day,DC-13285,Debra Catini,Consumer,United States,Plantation,33317,TEC-AC-10002567,Technology,Accessories,Logitech G602 Wireless Gaming Mouse
150.408,9,-33.8418,0.2,South,Florida,8557,CA-2016-117884,3/22/2016 0:00,3/22/2016 0:00,Same Day,DC-13285,Debra Catini,Consumer,United States,Plantation,33317,OFF-ST-10002182,Office Supplies,Storage,"Iris 3-Drawer Stacking Bin, Black"
121.104,6,-100.92,0.7,South,Florida,8624,CA-2016-136147,11/13/2016 0:00,11/18/2016 0:00,Standard Class,FM-14380,Fred McMath,Consumer,United States,Miami,33178,OFF-BI-10004224,Office Supplies,Binders,Catalog Binders with Expanding Posts
111.96,5,-1.3995,0.2,South,Florida,8625,CA-2016-136147,11/13/2016 0:00,11/18/2016 0:00,Standard Class,FM-14380,Fred McMath,Consumer,United States,Miami,33178,TEC-AC-10004568,Technology,Accessories,Maxell LTO Ultrium - 800 GB
31.504,11,11.814,0.2,South,North Carolina,8643,CA-2016-108259,11/8/2016 0:00,11/15/2016 0:00,Standard Class,NS-18640,Noel Staavos,Corporate,United States,Jacksonville,28540,OFF-FA-10000624,Office Supplies,Fasteners,OIC Binder Clips
5.04,1,1.638,0.2,South,North Carolina,8644,CA-2016-108259,11/8/2016 0:00,11/15/2016 0:00,Standard Class,NS-18640,Noel Staavos,Corporate,United States,Jacksonville,28540,OFF-LA-10002945,Office Supplies,Labels,"Permanent Self-Adhesive File Folder Labels for Typewriters, 1 1/8 x 3 1/2, White"
39.879,7,-29.2446,0.7,South,North Carolina,8645,CA-2016-108259,11/8/2016 0:00,11/15/2016 0:00,Standard Class,NS-18640,Noel Staavos,Corporate,United States,Jacksonville,28540,OFF-BI-10000315,Office Supplies,Binders,Poly Designer Cover & Back
4.712,1,1.4136,0.2,South,North Carolina,8646,CA-2016-108259,11/8/2016 0:00,11/15/2016 0:00,Standard Class,NS-18640,Noel Staavos,Corporate,United States,Jacksonville,28540,FUR-FU-10000023,Furniture,Furnishings,Eldon Wave Desk Accessories
97.424,2,10.9602,0.2,South,Tennessee,8648,US-2016-131842,12/5/2016 0:00,12/8/2016 0:00,First Class,RR-19525,Rick Reed,Corporate,United States,Nashville,37211,FUR-CH-10004477,Furniture,Chairs,"Global Push Button Manager's Chair, Indigo"
4.728,3,0.7092,0.2,South,Tennessee,8727,CA-2016-103870,12/27/2016 0:00,12/31/2016 0:00,Standard Class,SP-20860,Sung Pak,Corporate,United States,Murfreesboro,37130,TEC-AC-10002370,Technology,Accessories,Maxell CD-R Discs
53.352,3,16.0056,0.2,South,Tennessee,8728,CA-2016-103870,12/27/2016 0:00,12/31/2016 0:00,Standard Class,SP-20860,Sung Pak,Corporate,United States,Murfreesboro,37130,FUR-FU-10002030,Furniture,Furnishings,"Executive Impressions 14"" Contract Wall Clock with Quartz Movement"
131.104,2,8.194,0.2,South,Tennessee,8729,CA-2016-103870,12/27/2016 0:00,12/31/2016 0:00,Standard Class,SP-20860,Sung Pak,Corporate,United States,Murfreesboro,37130,FUR-BO-10002853,Furniture,Bookcases,O'Sullivan 5-Shelf Heavy-Duty Bookcases
22.512,3,2.2512,0.2,South,Tennessee,8730,CA-2016-103870,12/27/2016 0:00,12/31/2016 0:00,Standard Class,SP-20860,Sung Pak,Corporate,United States,Murfreesboro,37130,OFF-ST-10002562,Office Supplies,Storage,Staple magnet
72.744,7,-12.7302,0.2,South,Tennessee,8731,CA-2016-103870,12/27/2016 0:00,12/31/2016 0:00,Standard Class,SP-20860,Sung Pak,Corporate,United States,Murfreesboro,37130,TEC-AC-10004227,Technology,Accessories,SanDisk Ultra 16 GB MicroSDHC Class 10 Memory Card
46.62,9,21.4452,0,South,Virginia,8791,CA-2016-169572,9/6/2016 0:00,9/12/2016 0:00,Standard Class,AG-10525,Andy Gerbode,Corporate,United States,Richmond,23223,OFF-BI-10002799,Office Supplies,Binders,"SlimView Poly Binder, 3/8"""
39.96,2,14.3856,0,South,Virginia,8832,CA-2016-145324,11/15/2016 0:00,11/19/2016 0:00,Standard Class,DH-13675,Duane Huffman,Home Office,United States,Harrisonburg,22801,FUR-FU-10002759,Furniture,Furnishings,12-1/2 Diameter Round Wall Clock
74.24,1,8.352,0.2,South,North Carolina,8849,CA-2016-140718,7/2/2016 0:00,7/4/2016 0:00,First Class,FA-14230,Frank Atkinson,Corporate,United States,Raleigh,27604,TEC-PH-10003505,Technology,Phones,Geemarc AmpliPOWER60
159.84,10,45.954,0.2,South,North Carolina,8850,CA-2016-140718,7/2/2016 0:00,7/4/2016 0:00,First Class,FA-14230,Frank Atkinson,Corporate,United States,Raleigh,27604,FUR-FU-10000076,Furniture,Furnishings,24-Hour Round Wall Clock
2.892,2,-2.3136,0.7,South,North Carolina,8851,CA-2016-140718,7/2/2016 0:00,7/4/2016 0:00,First Class,FA-14230,Frank Atkinson,Corporate,United States,Raleigh,27604,OFF-BI-10004728,Office Supplies,Binders,Wilson Jones Turn Tabs Binder Tool for Ring Binders
9.392,2,3.2872,0.2,South,North Carolina,8852,CA-2016-140718,7/2/2016 0:00,7/4/2016 0:00,First Class,FA-14230,Frank Atkinson,Corporate,United States,Raleigh,27604,OFF-PA-10002250,Office Supplies,Paper,Things To Do Today Pad
36.27,3,10.881,0,South,Virginia,8866,CA-2016-158148,12/20/2016 0:00,12/26/2016 0:00,Standard Class,JM-15865,John Murray,Consumer,United States,Arlington,22204,OFF-AP-10003281,Office Supplies,Appliances,Acco 6 Outlet Guardian Standard Surge Suppressor
494.97,3,148.491,0,South,Virginia,8899,CA-2016-163237,8/7/2016 0:00,8/9/2016 0:00,Second Class,EM-14095,Eudokia Martin,Corporate,United States,Springfield,22153,TEC-PH-10003601,Technology,Phones,"Ativa D5772 2-Line 5.8GHz Digital Expandable Corded/Cordless Phone System with Answering & Caller ID/Call Waiting, Black/Silver"
25.06,2,11.7782,0,South,Virginia,8900,CA-2016-163237,8/7/2016 0:00,8/9/2016 0:00,Second Class,EM-14095,Eudokia Martin,Corporate,United States,Springfield,22153,OFF-LA-10004545,Office Supplies,Labels,Avery 50
77.952,3,12.6672,0.2,South,North Carolina,8986,CA-2016-123092,12/3/2016 0:00,12/7/2016 0:00,Standard Class,JG-15115,Jack Garza,Consumer,United States,Jacksonville,28540,FUR-FU-10000222,Furniture,Furnishings,"Seth Thomas 16"" Steel Case Clock"
95.97,5,-73.577,0.7,South,North Carolina,8987,CA-2016-123092,12/3/2016 0:00,12/7/2016 0:00,Standard Class,JG-15115,Jack Garza,Consumer,United States,Jacksonville,28540,OFF-BI-10001718,Office Supplies,Binders,GBC DocuBind P50 Personal Binding Machine
105.584,2,9.2386,0.2,South,North Carolina,8988,CA-2016-123092,12/3/2016 0:00,12/7/2016 0:00,Standard Class,JG-15115,Jack Garza,Consumer,United States,Jacksonville,28540,TEC-PH-10001700,Technology,Phones,Panasonic KX-TG6844B Expandable Digital Cordless Telephone
9.344,2,1.168,0.2,South,North Carolina,8989,CA-2016-123092,12/3/2016 0:00,12/7/2016 0:00,Standard Class,JG-15115,Jack Garza,Consumer,United States,Jacksonville,28540,OFF-AR-10004078,Office Supplies,Art,Newell 312
146.73,3,2.9346,0,South,Virginia,9084,CA-2016-104038,2/6/2016 0:00,2/8/2016 0:00,First Class,LO-17170,Lori Olson,Corporate,United States,Suffolk,23434,OFF-ST-10002554,Office Supplies,Storage,Tennsco Industrial Shelving
29.9,5,13.455,0,South,Virginia,9085,CA-2016-104038,2/6/2016 0:00,2/8/2016 0:00,First Class,LO-17170,Lori Olson,Corporate,United States,Suffolk,23434,OFF-PA-10002751,Office Supplies,Paper,Xerox 1920
246.168,3,21.5397,0.2,South,North Carolina,9089,CA-2016-150308,12/15/2016 0:00,12/20/2016 0:00,Standard Class,RR-19525,Rick Reed,Corporate,United States,Cary,27511,TEC-PH-10001433,Technology,Phones,Cisco Small Business SPA 502G VoIP phone
18.176,1,4.7712,0.2,South,North Carolina,9286,CA-2016-102778,11/21/2016 0:00,11/24/2016 0:00,First Class,JH-15820,John Huston,Consumer,United States,Monroe,28110,FUR-FU-10000087,Furniture,Furnishings,"Executive Impressions 14"" Two-Color Numerals Wall Clock"
31.12,4,14.6264,0,South,Virginia,9401,CA-2016-167696,9/16/2016 0:00,9/21/2016 0:00,Standard Class,BD-11500,Bradley Drucker,Consumer,United States,Newport News,23602,OFF-EN-10001539,Office Supplies,Envelopes,Staple envelope
151.96,4,36.4704,0,South,Virginia,9553,CA-2016-163923,5/30/2016 0:00,6/3/2016 0:00,Standard Class,BD-11560,Brendan Dodson,Home Office,United States,Springfield,22153,TEC-AC-10000358,Technology,Accessories,Imation Secure Drive + Hardware Encrypted USB flash drive - 16 GB
197.72,4,55.3616,0,South,Virginia,9605,CA-2016-138625,11/2/2016 0:00,11/5/2016 0:00,First Class,EG-13900,Emily Grady,Consumer,United States,Chesapeake,23320,OFF-AP-10003099,Office Supplies,Appliances,"Eureka Hand Vacuum, Bagless"
4297.644,13,-1862.3124,0.4,South,North Carolina,9640,CA-2016-116638,1/28/2016 0:00,1/31/2016 0:00,Second Class,JH-15985,Joseph Holt,Consumer,United States,Concord,28027,FUR-TA-10000198,Furniture,Tables,Chromcraft Bull-Nose Wood Oval Conference Tables & Bases
64.68,7,8.085,0.2,South,North Carolina,9671,CA-2016-133396,8/13/2016 0:00,8/15/2016 0:00,First Class,GK-14620,Grace Kelly,Corporate,United States,Greensboro,27405,OFF-AR-10001446,Office Supplies,Art,Newell 309
48.81,3,23.9169,0,South,Kentucky,9786,CA-2016-155635,5/9/2016 0:00,5/13/2016 0:00,Standard Class,ME-17725,Max Engle,Consumer,United States,Louisville,40214,OFF-BI-10000962,Office Supplies,Binders,"Acco Flexible ACCOHIDE Square Ring Data Binder, Dark Blue, 11 1/2"" X 14"" 7/8"""
173.488,7,54.215,0.2,South,Florida,9816,CA-2016-162201,6/8/2016 0:00,6/12/2016 0:00,Standard Class,AG-10495,Andrew Gjertsen,Corporate,United States,Saint Petersburg,33710,OFF-PA-10002581,Office Supplies,Paper,Xerox 1951
516.96,4,-6.462,0.2,South,Florida,9817,CA-2016-162201,6/8/2016 0:00,6/12/2016 0:00,Standard Class,AG-10495,Andrew Gjertsen,Corporate,United States,Saint Petersburg,33710,OFF-ST-10000046,Office Supplies,Storage,Fellowes Super Stor/Drawer Files
173.208,7,45.4671,0.2,South,Florida,9818,CA-2016-162201,6/8/2016 0:00,6/12/2016 0:00,Standard Class,AG-10495,Andrew Gjertsen,Corporate,United States,Saint Petersburg,33710,FUR-FU-10001185,Furniture,Furnishings,"Advantus Employee of the Month Certificate Frame, 11 x 13-1/2"
4.448,2,0.3336,0.2,South,Florida,9819,CA-2016-162201,6/8/2016 0:00,6/12/2016 0:00,Standard Class,AG-10495,Andrew Gjertsen,Corporate,United States,Saint Petersburg,33710,OFF-AR-10003856,Office Supplies,Art,Newell 344
9,3,3.15,0.2,South,Florida,9820,CA-2016-162201,6/8/2016 0:00,6/12/2016 0:00,Standard Class,AG-10495,Andrew Gjertsen,Corporate,United States,Saint Petersburg,33710,OFF-LA-10001982,Office Supplies,Labels,Smead Alpha-Z Color-Coded Name Labels First Letter Starter Set
42.24,10,13.2,0.2,South,Florida,9821,CA-2016-162201,6/8/2016 0:00,6/12/2016 0:00,Standard Class,AG-10495,Andrew Gjertsen,Corporate,United States,Saint Petersburg,33710,OFF-PA-10001215,Office Supplies,Paper,Xerox 1963
18.264,2,-13.3936,0.7,South,Florida,9822,CA-2016-162201,6/8/2016 0:00,6/12/2016 0:00,Standard Class,AG-10495,Andrew Gjertsen,Corporate,United States,Saint Petersburg,33710,OFF-BI-10002429,Office Supplies,Binders,"Premier Elliptical Ring Binder, Black"
119.56,2,54.9976,0,South,Georgia,9971,CA-2016-103772,6/28/2016 0:00,7/2/2016 0:00,Standard Class,MP-17470,Mark Packer,Home Office,United States,Smyrna,30080,OFF-BI-10002867,Office Supplies,Binders,GBC Recycled Regency Composition Covers
140.75,5,42.225,0,South,Georgia,9972,CA-2016-103772,6/28/2016 0:00,7/2/2016 0:00,Standard Class,MP-17470,Mark Packer,Home Office,United States,Smyrna,30080,OFF-AR-10000538,Office Supplies,Art,"Boston Model 1800 Electric Pencil Sharpener, Gray"
85.98,1,22.3548,0,South,Louisiana,9981,US-2016-151435,9/6/2016 0:00,9/9/2016 0:00,Second Class,SW-20455,Shaun Weien,Consumer,United States,Lafayette,70506,FUR-TA-10001039,Furniture,Tables,KI Adjustable-Height Table
